2244 3183
47 226 96 254 Au.
112 223 140 252 C.
162 220 212 250 453
895 221 920 244 s.
944 221 1000 244 uzo

1020 222 1029 244 ῐ
1052 222 1096 244 rr.
1663 213 1727 247 123
1791 223 1839 249 An.
1857 222 1884 250 C.
1907 222 1956 250 453

244 270 337 304 licam
367 269 480 303 Sedent
506 270 635 303 festines
666 269 840 307 instruere,
874 276 984 312 quate·
1001 286 1003 313 t
1019 280 1130 302 omnes·
1151 270 1265 304 Christi
1288 271 1442 305 Ecclesias
1464 270 1759 315 tidesrcstraepie-
1802 285 1959 304 itast-..usvu-

243 334 302 358 nus
327 324 412 357 illius
437 323 578 366 regionis
606 324 807 362 sacerdotes,
842 323 874 354 in
907 323 1004 366 quo-l

244 388 382 421 cumque
403 388 478 410 usus
496 377 647 419 exegerit,
664 376 862 409 adim-emus.
883 376 925 408 Dc
938 375 986 407 his

245 441 330 471 vero,
358 441 440 474 quae
460 430 489 463 in
511 441 605 474 saepe
628 430 713 463 dicto
735 430 742 445 ¹

245 484 306 517 cita
332 490 443 517 contra
461 483 660 517 venerabiles
677 483 835 516 Nicaenos
849 493 988 516 canones
1004 483 1006 519 i

246 537 489 581 presumptione
512 542 631 570 tentata
651 542 735 575 sunt,
752 536 792 568 ad
807 536 936 568 fratrem
959 543 987 568 et

75 603 129 634 Qum
141 602 230 634 namn-0
247 591 489 635 coespiscopum
509 596 654 624 nostrum
671 586 887 623 Antiochenae
900 590 989 624 Sedis
1005 583 1008 612 ἵ

49 630 232 684 {ss{¹¹‡‚⁵.‘'r‘,'2²f¹1³1i{÷⁹t¹f
247 645 428 688 praesulem
440 645 627 688 scripsimus
641 644 661 685 ²,
680 644 867 677 adiicientes
879 643 889 660 ³
903 649 931 676 et
955 644 991 675 il-

248 697 322 734 lud,
350 697 437 741 quod
462 697 556 731 nohis
586 703 719 741 propter
750 697 988 740 improbitatem

248 751 482 784 monachorum
515 752 731 796 quorumdam
764 751 906 793 regionis
933 762 987 783 ve-

246 810 330 837 strae
348 805 446 838 verbo
461 805 617 838 mandasti
632 816 690 848 per
702 804 836 837 vicarios
850 810 988 844 nostros,

248 863 278 890 et
303 858 363 890 hoc
383 858 565 901 specialiter
584 864 782 894 statuentes,
810 864 844 890 ut
864 863 993 901 praeter

249 911 374 944 Domini
401 912 584 945 sacerdotes
604 912 712 944 nullus
730 912 846 944 audeat
866 911 993 954 praedi-

249 975 339 1004 care,
362 976 418 998 seu
445 966 633 1005 monachus,
658 965 722 998 sive
741 965 794 997 ille
816 966 855 997 sit
880 965 989 1005 laicus,

249 1018 304 1061 qui
319 1018 487 1052 cuiuslibet
502 1019 655 1052 scientiae
673 1019 804 1052 nomine
822 1018 989 1061 glorietur.

249 1071 332 1111 Quas
358 1078 466 1105 tamen
486 1073 619 1113 litteras,
642 1083 701 1116 pro
715 1072 850 1105 utilitate
866 1072 994 1105 univer-

105 1135 235 1157 Curatum
250 1126 324 1159 salis
352 1126 522 1166 Ecclesiae,
544 1137 602 1170 per
631 1126 833 1170 praedictum
862 1126 992 1158 fratrem

53 1168 110 1220 {ize
124 1163 236 1210 ιῗέιῗωᾶἷιιῗιῖ
251 1185 282 1212 et
308 1179 538 1224 coepiscopum
571 1185 719 1213 nostrum
752 1179 925 1212 Maximum
954 1179 994 1212 ad

53 1218 102 1238 ‘¹⁸⁸'
252 1233 397 1265 omnium
422 1233 582 1266 voluimus
603 1233 613 1249 ⁴
635 1232 803 1276 pervenire
828 1232 991 1269 notitiam,

253 1292 284 1319 et
307 1287 348 1320 ob
373 1286 435 1320 hoc
452 1287 501 1319 his
520 1286 685 1320 noluimus
705 1297 815 1319 earum
831 1286 995 1329 exemplar

253 1339 404 1379 adiicere,
422 1340 497 1383 quia
511 1351 592 1383 quae
604 1340 769 1383 praedicto
780 1339 868 1372 fratri
885 1346 915 1372 et
928 1350 996 1372 coe-

252 1393 387 1436 piscopo
408 1399 518 1426 nostro
540 1393 749 1433 iniunximus,
775 1403 840 1425 non
870 1392 996 1426 dubita-

253 1456 324 1479 mus
354 1447 529 1490 implenda.
559 1447 599 1480 Et
622 1447 693 1479 cilia
723 1457 836 1479 manu.
860 1448 942 1480 Deus
967 1449 1015 1488 tel

253 1499 448 1533 incolumem
474 1499 643 1539 custodiat,
668 1500 766 1533 frater
786 1500 959 1533 carissime.

297 1553 375 1587 Data
398 1554 491 1587 tertio
516 1553 587 1587 idus
605 1553 614 1569 ⁵
635 1553 727 1591 lunii,
757 1553 903 1597 Opilione
931 1553 996 1586 viro

254 1606 431 1640 clarissimo
452 1607 593 1640 consule.

290 1660 348 1687 Dat.
371 1660 414 1687 die
430 1661 457 1686 11
481 1660 561 1694 lunii,
583 1669 627 1687 an.
648 1660 712 1687 453.

450 1787 633 1820 EPISTOLA
660 1787 766 1820 LXXX
778 1786 798 1820 ⁰.

257 1858 466 1892 Marcianum
489 1864 593 1902 royac,
620 1863 656 1892 ul
678 1860 713 1891 ιή
730 1858 813 1891 diem
827 1858 1000 1892 Pascltatis

374 1904 456 1937 anni
476 1903 549 1937 455
571 1904 737 1947 inquirere
759 1904 877 1936 iubeat.

329 1975 385 2001 Leo
404 1974 566 2008 Episcopus
582 1975 593 1993 ⁷
610 1974 762 2001 Marciano
784 1975 928 2009 Augusto.

304 2037 377 2072 CAP.
410 2037 432 2070 l.
461 2038 536 2070 Tam
570 2037 677 2069 multis
710 2037 912 2070 documentis
946 2047 1002 2080 per

295 2145 304 2171 1
326 2154 337 2169 ιι
355 2144 394 2171 ΑΙ.
411 2145 578 2178 supradicto
592 2154 615 2170 ³).
635 2143 758 2171 Ballerin.
777 2144 793 2171 l.
818 2153 841 2170 c.
865 2144 957 2171 Melius
969 2144 1001 2170 ad

259 2188 316 2207 rem
332 2188 358 2206 n.
377 2180 468 2207 lectio.

294 2220 310 2247 2
322 2221 513 2256 lnnuiturepis.
524 2220 649 2256 praeced.
662 2227 768 2248 Lxxxttl.
779 2229 837 2256 pag.
847 2222 857 2248 1
869 2222 908 2253 to,
917 2221 966 2247 col.
978 2222 1000 2247 1.

295 2261 311 2288 3
326 2262 390 2288 (Ian.
408 2261 581 2292 Adz'icz·1›11‹s;
600 2262 632 2288 19
647 2270 720 2288 caus.
737 2269 792 2293 xvi,
811 2272 837 2297 q.
857 2262 872 2288 l.

293 2303 312 2329 4
329 2314 341 2327 «
358 2303 397 2330 ΑΙ,
414 2304 544 2330 volumus
559 2314 585 2330 ιι.
600 2302 727 2329 Ballerin.
754 2303 771 2328 l.
796 2310 819 2328 c.
840 2302 947 2329 Rectius
970 2301 1002 2328 ad

260 2342 376 2366 context.
394 2347 420 2365 n.
438 2339 456 2364 l.

296 2380 313 2407 5
330 2389 341 2404 α
354 2380 394 2406 ΑΙ.
412 2379 454 2406 IV
471 2379 540 2405 Idus
557 2379 637 2406 lunii
656 2388 678 2405 ι).
700 2378 777 2404 Cacc.
801 2386 861 2413 pag.
885 2379 952 2412 366,
978 2383 1004 2405 et

261 2415 388 2442 Ballerin,
406 2415 423 2441 Ι.
439 2424 462 2441 c.
479 2414 545 2441 satri:
556 2422 599 2449 op.
619 2422 642 2440 c.
660 2413 738 2440 nohis
755 2414 836 2440 saret.

296 2456 313 2483 6
328 2454 365 2482 Ex
380 2454 444 2481 edit.
456 2455 556 2481 Baller.
569 2455 639 2488 Opp.
650 2453 679 2480 S.
694 2453 794 2481 Leonis
804 2457 822 2480 t.
832 2454 909 2485 1,eol.
923 2454 1002 2482 1228.

299 2495 313 2521 7
332 2505 344 2519 ι
359 2495 423 2522 Cod.
441 2495 544 2529 Ratisp.
561 2494 614 2521 Leo
632 2494 714 2528 Papa
729 2503 755 2519 ».
773 2493 904 2520 Ballerin.
923 2494 940 2520 l.
957 2503 980 2521 c.

298 2531 313 2557 8
333 2541 345 2555 «
363 2531 418 2558 Vat.
440 2530 506 2557 ¹340
520 2533 641 2564 {seratur
655 2538 675 2554 ο.
693 2528 820 2555 Ballerin.
844 2529 861 2556 l.
887 2538 910 2556 c.
937 2529 1004 2557 Con-

264 2566 369 2593 cinnius
384 2566 417 2593 ad
433 2574 504 2593 sens.
520 2573 546 2592 n.
565 2564 654 2592 lectio.

298 2601 315 2628 9
329 2601 446 2629 Caeciar.
465 2601 537 2636 Opp.
557 2601 586 2628 S.
607 2599 707 2640 Leo-nis
736 2603 804 2635 part.
823 2606 852 2634 u,
870 2607 931 2635 pag.
953 2599 1005 2628 366

265 2643 345 2665 voce·
358 2643 417 2664 non
431 2636 559 2672 improbe
577 2638 687 2663 omittit.

1776 312 1856 335 pionem
1882 312 1959 331 ‚mitici-

1021 324 1092 356 tatis
1113 324 1262 364 innotuit,
1288 331 1322 356 ut
1348 325 1372 357 si
1405 324 1482 368 quid
1503 324 1759 358 sollicitudinum
1776 341 1812 357 m.

1021 387 1079 420 pro
1098 378 1262 410 communi
1285 378 1440 420 religione
1463 384 1636 420 generatur
1650 380 1670 417 ⁸,
1689 389 1758 411 me-

765 429 902 462 concilio
923 429 987 460 illi-
1004 430 1082 475 {rito
1105 437 1242 463 vestrum
1265 437 1440 474 quaeratur
1457 432 1622 464 auxilium.
1640 432 1674 464 Et
1688 432 1762 476 quia

1023 494 1149 516 memor
1169 484 1416 527 dispensationis
1439 484 1515 517 mihi
1534 485 1684 526 creditae,
1709 497 1763 519 ne-

1024 547 1109 569 cesse
1131 536 1234 569 haheo
1257 548 1349 569 curas
1362 548 1448 570 meas
1460 538 1554 570 ctiam
1572 539 1663 577 inea,
1681 549 1764 582 quae

1024 595 1094 622 sunt
1117 591 1234 629 sutura,
1258 591 1477 633 praemittere,
1504 602 1568 623 non
1589 592 1735 635 improbe
1755 592 1765 608 ⁹

1025 643 1119 686 cupio
1138 643 1327 675 clementiae
1348 649 1468 676 vestrae
1482 644 1594 677 studiis
1608 645 1761 677 adiuvari:

1024 702 1056 727 ut
1080 696 1110 728 in
1133 707 1169 729 ea
1190 696 1403 735 observantia,
1425 707 1508 740 quac
1529 703 1615 729 certa
1640 708 1768 741 semper

1027 749 1150 782 ratione
1170 749 1325 787 variatur,
1349 749 1429 781 nihil
1450 749 1547 792 possit
1574 751 1693 783 erroris
1714 751 1764 783 in-

1027 802 1125 835 curri.
1150 802 1302 835 Paschale
1325 802 1442 835 etenim
1470 804 1595 842 festum,
1624 813 1687 846 quo
1713 814 1764 835 sa-

1027 861 1227 888 cramentum
1242 855 1354 888 salutis
1366 855 1526 888 humanae
1546 856 1681 889 maxime
1694 867 1768 889 con-

1027 906 1158 946 tinetur,
1179 906 1324 950 quamvis
1346 906 1377 938 in
1398 907 1505 949 primo
1519 917 1647 950 semper
1660 918 1768 940 mense

1028 960 1258 993 celebrandum
1286 960 1336 1000 sit,
1369 959 1411 992 ita
1441 966 1546 992 tamen
1575 967 1619 993 est
1649 961 1769 993 lunaris

1028 1023 1139 1046 cursus
1153 1013 1338 1046 conditione
1353 1013 1517 1051 mutabile,
1532 1019 1565 1045 ut
1579 1013 1769 1057 plerumque

1027 1066 1263 1099 sacratissimae
1278 1065 1299 1082 ¹⁴¹
1319 1065 1382 1099 (liei
1404 1066 1555 1108 ambigua
1586 1073 1734 1099 occurrat
1750 1067 1768 1082 ¹¹

1029 1120 1154 1161 electio,
1176 1126 1203 1153 et
1227 1131 1263 1153 ex
1283 1120 1345 1153 hoc
1372 1120 1427 1153 fiat
1453 1121 1656 1164 plerumque,
1684 1122 1770 1164 quod

1028 1185 1093 1207 non
1115 1175 1199 1215 licet,
1230 1181 1265 1208 ut
1289 1185 1355 1208 non
1376 1175 1471 1208 simul
1491 1175 1596 1207 omnis
1616 1175 1766 1214 Ecclesia,
1815 1188 1831 1207 i·

1029 1229 1116 1272 quod
1134 1228 1263 1262 nonnisi
1285 1240 1384 1262 unum
1406 1239 1474 1262 esse
1497 1234 1634 1272 oportet,
1659 1229 1769 1262 obser-

1028 1288 1090 1315 vet.
1124 1282 1324 1315 studuerunt
1354 1283 1462 1326 itaque
1480 1282 1500 1298 ¹²
1531 1282 1632 1315 sancti
1661 1283 1770 1315 Patres

1030 1336 1231 1369 occasionem
1247 1337 1343 1369 huius
1355 1336 1475 1369 erroris
1489 1336 1627 1375 auferre,
1640 1346 1770 1369 omnem

1030 1391 1112 1423 hanc.
1134 1401 1243 1423 curam
1265 1390 1482 1423 Alexandrino
1508 1390 1660 1433 episcopo
1671 1389 1691 1406 ¹³
1711 1391 1769 1423 de-

1031 1446 1172 1487 legantes
1193 1444 1361 1488 (quoniam
1381 1444 1466 1488 apud
1489 1444 1651 1488 [Egyptios
1677 1444 1772 1477 huius

1031 1498 1266 1541 supputationis
1287 1498 1466 1541 antiquitus
1493 1498 1608 1530 tradita
1634 1508 1702 1530 esse
1727 1497 1772 1529 vi-

1031 1551 1167 1585 debatur
1191 1551 1330 1596 peritia)
1363 1562 1421 1594 per
1453 1561 1548 1594 quem
1588 1551 1761 1594 quotannis

1032 1605 1099 1638 dies
1119 1605 1302 1648 praedictae
1328 1604 1570 1638 solemnitatis¹⁴
1592 1604 1665 1637 Sedi
1691 1614 1770 1648 apo-

1032 1659 1163 1693 stolicae
1189 1659 1405 1697 indicaretur,
1437 1659 1527 1692 cuius
1552 1658 1678 1702 scriptis
1696 1658 1715 1675 ¹⁵
1736 1659 1774 1691 ad

1032 1713 1277 1756 longinquiores
1291 1713 1445 1745 Ecclesias
1460 1712 1613 1745 indicium
1628 1713 1775 1755 generale

1033 1773 1248 1811 percurreret.

1077 1821 1150 1854 cip,
1172 1821 1207 1853 ll.
1240 1820 1302 1854 Sed
1327 1826 1455 1854 sanctae
1474 1820 1651 1854 memoriae
1672 1820 1776 1854 Theo-

1034 1873 1141 1917 philus
1150 1874 1383 1907 Alexandrinae
1395 1874 1581 1907 Ecclesiae¹⁰
1594 1874 1773 1917 episcopus,

1831 816 1852 835 ln
1869 816 1965 836 rasctmti

1783 843 1835 862 sesto
1846 844 1918 862 saluus
1928 843 1965 863 hu-

1784 875 1857 889 manae
1896 875 1965 889 §.tetu-

1784 898 1874 915 mentutn
1901 899 1966 915 ronti-

1784 926 1843 942 nctus

1835 1194 1867 1211 im,
1885 1188 1968 1208 eodeni-

1785 1222 1825 1241 que
1837 1216 1870 1235 :lie
1880 1221 1969 1241 perum-

1784 1248 1865 1262 wrsaiu
1898 1242 1971 1262 Eccle-

1785 1269 1837 1288 siam
1861 1269 1969 1289 celebrati<

1785 1295 1840 1316 dum.

1789 1509 1846 1529 Hunc
1859 1511 1972 1535 quotannis

1789 1536 1810 1556 S.
1833 1537 1854 1555 Α.
1878 1536 1972 1555 indicare

1788 1562 1836 1582 olim
1861 1562 1898 1582 tun
1923 1563 1973 1583 Alu-

1788 1589 1890 1609 xandriuo
1925 1595 1973 1615 ept-

1788 1615 1972 1641 scnpodemanda-

1789 1644 1831 1663 tuni

1818 1830 1872 1853 Quid
1888 1836 1912 1850 ox
1931 1836 1976 1850 eius

1792 1862 1821 1877 cri
1832 1858 1849 1886 to
1865 1857 1974 1886 difficulta-

1791 1887 1817 1904 tis
1833 1886 1949 1904 incurrerit.

1018 1938 1107 1977 ¹cum
1135 1927 1230 1960 huius
1261 1928 1494 1961 observationis
1523 1938 1624 1961 annos
1649 1933 1776 1960 centum

1035 1991 1171 2014 numero
1211 1982 1402 2023 collegisset,
1441 1981 1668 2026 septuagesimi
1700 1981 1776 2014 sexti

1036 2034 1139 2068 anni¹⁷
1150 2035 1300 2079 paschale
1315 2036 1429 2069 festum
1446 2036 1541 2078 longe
1559 2035 1661 2075 aliter,
1679 2045 1776 2078 quam

1073 2141 1105 2168 10
1125 2153 1136 2167 ι
1148 2141 1204 2168 Duo
1211 2142 1282 2168 Vatt.
1293 2142 1486 2169 sacratissimi
1495 2151 1505 2167 t>
1515 2140 1702 2176 Caecia1·.pag.
1714 2140 1776 2167 307.

1035 2177 1104 2204 Sane
1120 2178 1229 2204 rectius.

1074 2224 1100 2248 11
1124 2234 1134 2246 α
1151 2223 1211 2249 Ant.
1229 2223 1296 2249 edit.
1311 2224 1410 2250 curru!
1428 2231 1450 2248 ο.
1468 2221 1595 2248 Ballerin.
1609 2221 1628 2247 l.
1643 2229 1664 2246 c.

1075 2266 1104 2292 ¹2
1123 2276 1132 2292 n
1153 2266 1207 2293 Duo
1230 2267 1301 2293 Vatt.
1317 2266 1546 2300 stittlnerunttscw
1557 2265 1650 2293 sancti
1664 2274 1686 2291 ›.
1698 2266 1775 2291 Cacc.

1037 2311 1085 2337 loc.
1104 2310 1149 2337 cit.
1167 2311 1260 2346 Inepte
1276 2310 1396 2346 quidem.

1074 2354 1106 2382 13
1123 2366 1135 2380 a
1151 2354 1199 2381 ΜΞ.
1218 2354 1322 2391 Ratisp.
1340 2355 1467 2383 antistiti
1479 2367 1504 2383 ».
1521 2355 1649 2382 Ballerin.
1667 2355 1684 2381 l.
1697 2363 1719 2380 c.

1074 2395 1106 2420 14
1122 2394 1240 2421 Caeciar.
1257 2395 1274 2421 l.
1293 2395 1647 2430 c.per(11111172,qzcia›111is
1659 2395 1781 2428 sinyulis

1038 2434 1095 2461 dies
1107 2435 1274 2469 praedictae
1284 2436 1476 2463 solemnitatis
1488 2435 1625 2468 eveniret,
1635 2434 1713 2465 Secti,
1726 2438 1780 2460 etc.

1077 2475 1107 2502 15
1126 2486 1138 2500 (ι
1154 2475 1192 2502 ΑΙ.
1214 2476 1300 2502 huius
1319 2476 1460 2511 scripti».
1484 2475 1602 2503 (taccias.
1627 2475 1644 2501 l.
1662 2483 1684 2501 c.
1703 2474 1778 2500 Male.

1073 2516 1107 2542 16
1126 2527 1137 2539 ιι
1153 2514 1217 2542 (lod.
1245 2514 1344 2551 llatisp.
1372 2517 1451 2544 urbis
1470 2525 1492 2542 υ.
1515 2515 1642 2543 Balleriu.
1661 2515 1678 2541 1.
1700 2523 1723 2541 c.
1742 2515 1781 2541 vel

1038 2555 1184 2582 Ecclesiae
1200 2555 1265 2583 urbi
1282 2565 1306 2582 ι.
1322 2555 1442 2582 Cacciar.
1460 2555 1476 2582 l.
1496 2564 1519 2581 c.

1039 2634 1047 2662 ι
1076 2595 1106 2622 17
1127 2605 1139 2619 α
1154 2594 1193 2622 ΑΙ.
1211 2595 1418 2630 septuaqesimo
1430 2598 1506 2622 sexto
1526 2601 1603 2622 aimo
1622 2604 1644 2620 u.
1662 2593 1779 2620 Cacciar.

1049 2642 1090 2662 oc.
1103 2634 1149 2661 cit.
