2244 3183
73 263 122 291 An.
144 261 172 289 C.
189 261 240 289 483

115 1338 209 1359 Pulloni<
227 1338 262 1357 im·

77 1366 134 1392 pium
150 1365 234 1390 dogma.

883 259 908 282 S.
932 259 1109 284 SIMPLICIUS
1129 260 1179 284 PP.

271 314 328 349 est,
352 313 380 342 et
399 309 485 342 Deus
506 313 574 342 erat
598 308 747 349 Verbum,
769 307 921 351 quodque
942 319 1015 341 caro

270 365 393 407 sactum
420 368 482 404 esc,
509 363 642 396 homine
666 367 848 405 assumpto,
876 367 906 394 et
930 362 1015 404 quod

272 417 375 449 Deum
402 427 495 449 nemo
524 416 605 449 vidit
629 414 812 460 unquam&
840 415 925 448 Haec
958 414 1015 448 tibi

271 470 382 514 scripsi
404 481 467 504 una
482 482 552 504 cum
568 470 728 515 praesenti
746 469 880 513 synodo,
901 479 1016 501 conve-

271 525 364 557 niens
385 531 413 558 te
428 535 536 558 coram
557 526 621 558 Deo
643 530 670 557 et
695 523 814 557 sanctis
834 522 967 565 angelis,
982 527 1017 554 ut

273 589 311 611 ea
337 578 466 619 doceas,
490 589 525 611 ea
553 578 720 611 nobiscum
746 576 876 615 sentias,
895 582 929 608 ut
948 575 1013 608 illi-

272 632 345 665 bata
354 632 432 665 tides
443 637 550 665 nostra
560 636 745 675 permaneat
759 631 788 663 in
801 630 935 672 gloriam
947 629 1012 662 Dei.

309 693 367 720 Dat.
384 694 453 721 infra
469 702 531 721 ann.
549 693 647 720 Christi
664 693 728 720 483-
736 693 793 719 492.

474 856 656 890 EPISTOLA
687 856 777 889 xvllt
792 855 813 888 ².

274 956 392 988 Petrus
423 954 523 987 Fullo
550 955 675 997 frustra
700 953 907 992 admonitus,
938 957 974 985 ut
999 963 1018 985 a

344 1007 655 1050 Theopasehi'tarmn
690 1007 815 1039 haeresi
848 1005 1016 1043 repedet-et,

341 1061 550 1094 asnaihemace
565 1060 767 1104 percellitur.

466 1149 639 1184 Simplicius
659 1150 824 1184 Episcopus

363 1207 399 1232 ad
415 1205 535 1232 Petrum
554 1204 729 1238 Episcopum
749 1204 936 1232 Antiochiae.

321 1275 478 1315 Quoniam
504 1275 765 1320 importabilibus
786 1276 892 1309 verbis
924 1275 1021 1320 impie

280 1329 461 1371 garrulasti,
490 1335 521 1362 et
541 1340 605 1362 non
627 1329 774 1362 iudicasti
796 1329 910 1362 cedere
931 1340 1024 1373 prae-

279 1383 372 1415 dictis
391 1383 509 1416 sanctis
538 1383 695 1424 Patribus,
721 1383 774 1427 qui
796 1389 952 1417 ornarunt
975 1394 1023 1417 se-

278 1436 351 1468 dem
364 1436 475 1469 beatae
486 1437 663 1469 memoriae
673 1438 809 1469 multum
822 1437 1024 1481 triumphau-

277 1490 315 1522 tis
337 1489 448 1531 ignatii
471 1491 631 1534 martyris,
648 1490 738 1523 cuius
753 1490 946 1533 tuindignus
960 1491 1024 1524 exi-

276 1549 373 1584 stens,
389 1544 497 1577 nescio
513 1545 689 1588 quomodo,
707 1544 857 1578 insiluisti
871 1545 1024 1578 inchoare

276 1596 450 1630 novitatem
476 1597 506 1630 in
528 1598 688 1631 catholica
708 1598 848 1631 Ecclesia
869 1598 930 1631 tuis
950 1609 1024 1642 pro-

277 1651 358 1684 sanis
379 1651 503 1693 legibus
524 1657 552 1684 et
576 1651 681 1695 impiis
700 1651 915 1693 dogmatibus,
933 1651 1024 1684 etiu-

278 1705 389 1739 dicasti
411 1716 476 1739 non
494 1710 645 1750 oportere
660 1705 766 1738 dicere
779 1705 937 1739 Christum
953 1715 1025 1738 cru-

278 1759 407 1792 cifixum
426 1765 560 1803 propter
579 1769 655 1799 nos3
679 1759 734 1792 sed
755 1759 938 1803 passionem
958 1759 1024 1792 Deo

278 1812 467 1856 impassibili
492 1813 589 1856 impie
608 1812 770 1853 induxisti,
789 1811 1026 1845 etimmortali³

278 1866 362 1898 Patri
384 1871 521 1899 mortem
543 1866 746 1909 imponere&
764 1872 795 1899 et
814 1877 879 1899 non
898 1865 1025 1899 horrui-

278 1919 315 1952 sti
332 1930 379 1960 ca,
397 1930 478 1963 quae
497 1919 785 1963 nonsuscepistiex
798 1919 913 1952 divinis
926 1920 1025 1953 Evan-

279 1972 369 2015 geliis
384 1973 587 2017 etapostolis‚
604 1972 902 2016 probatissimisque
917 1978 947 2006 et
958 1973 1026 2015 glo-

281 2026 373 2059 riosis
390 2026 548 2067 Patribus,
565 2026 703 2070 pessime
716 2026 943 2070 sophisticatus
958 2026 1025 2071 ipsa

317 2144 326 2169 1
351 2143 444 2170 loann.
461 2151 480 2176 1,
498 2152 521 2170 v.
542 2144 584 2177 tl»,
603 2144 634 2170 18

316 2189 332 2214 ‘2
350 2188 385 2215 Ex
407 2189 497 2224 ‚vigne
521 2189 664 2223 Pan-0109.
691 2192 754 2215 tom.
785 2196 861 2221 Lvm,
887 2189 937 2216 col.
962 2189 1023 2216 911.

281 2233 370 2264 Quum
392 2232 545 2260 ttlainardus
565 2233 702 2268 antiquam
733 2233 884 2261 versionem
900 2233 1025 2267 ediderit,

282 2286 380 2312 operae
392 2278 508 2313 pretium
521 2278 645 2305 duximus
657 2279 845 2313 recentiorem,
856 2287 925 2314 quae
941 2279 1026 2306 Fron-

284 2322 339 2349 toni
357 2322 462 2350 llucaeo
479 2323 618 2355 tribuitur,
635 2323 768 2350 lectorum
784 2323 868 2351 oculis
881 2323 1026 2358 subiicere5

285 2367 385 2403 quippe
405 2376 474 2403 quae
493 2376 619 2403 graecum
634 2372 734 2395 textum
755 2369 851 2396 saltem
867 2368 893 2395 in
919 2369 1028 2404 quibus-

286 2413 347 2439 dam
365 2413 430 2440 locis
450 2412 538 2439 reddit
553 2413 716 2448 accuratius,
734 2413 797 2440 licet
816 2413 842 2440 in
862 2414 922 2441 aliis
939 2414 1028 2441 miuus

284 2462 358 2484 recta
379 2457 511 2492 videatur,
529 2462 557 2484 ut
576 2457 723 2485 identidem
739 2457 937 2485 adnotabimus.

321 2501 336 2527 3
350 2502 445 2529 Graec.
469 2506 532 2528 text.
547 2512 580 2527 τω
601 2505 707 2527 Mummi
728 2505 851 2534 ΙΙνευματι,
869 2503 1030 2531 ι’ΊηΊῬὶΟΤΙαῖἰ

285 2546 424 2581 Spiritui.
448 2548 528 2574 Forte
542 2547 630 2582 aptius
645 2547 678 2574 ad
695 2547 813 2575 Fullonis
829 2547 961 2575 haeresim
979 2548 1031 2575 cla-

286 2591 356 2618 rium
374 2592 586 2627 exprimendam.

322 2636 338 2662 4
358 2636 459 2672 Supplc
478 2645 535 2663 non
557 2637 707 2665 (inclinasti.

322 2681 338 2705 ξ’»
357 2680 450 2708 Graec.
473 2685 536 2708 text.
558 2681 656 2709 habet:
678 2692 711 2706 zm
729 2683 762 2711 ὗες
781 2692 931 2717 γραλυμκαι-ι,
957 2682 1032 2709 binis

1696 248 1755 283 231

1050 309 1249 353 intorquere,
1262 308 1465 352 etpropriam
1477 314 1598 352 pestem
1611 318 1722 342 sensus
1736 309 1794 341 im-

1049 372 1170 405 ponere
1188 361 1451 405 simplicioribus,
1475 363 1662 395 scandalum
1682 362 1794 395 huius-

1050 415 1193 448 scemodi
1210 415 1353 448 haeresis
1378 426 1443 448 non
1462 416 1687 460 utaequaliter
1708 417 1795 460 prio-

1051 467 1139 501 ribus
1160 468 1347 501 haeresibus
1367 469 1482 509 x'igeat,
1503 470 1558 502 sed
1580 470 1681 511 magis
1706 471 1791 503 mul-

1052 521 1203 565 tipliciter
1220 523 1368 559 excellat',
1386 529 1415 555 et
1429 533 1493 555 non
1511 523 1647 556 statuisti
1662 524 1795 557 credere

1050 577 1187 618 veritati,
1209 578 1259 610 etf'
1280 578 1393 611 litteris
1408 579 1524 611 nostris
1539 579 1577 611 ad
1595 585 1625 612 te
1646 579 1791 623 scriptis:

1051 641 1137 663 nunc
1158 630 1264 674 incepi
1284 631 1478 664 sententiare
1496 637 1607 665 contra
1621 638 1661 671 te,
1681 633 1793 674 immo,

1052 683 1105 716 ille
1130 684 1186 727 qui
1215 689 1322 717 vertex
1350 690 1397 717 est
1418 685 1563 717 omnium
1585 686 1795 729 pastoralium

1051 737 1189 777 sedium,
1214 737 1245 769 in
1263 737 1380 770 sanctis
1399 737 1548 771 laudibus
1566 739 1696 779 florens,
1720 750 1797 783 apo-

1051 792 1209 824 stolorum
1238 801 1310 824 vere
1335 791 1476 834 optimus
1500 791 1626 832 Petrus,
1654 792 1744 826 cuius
1765 799 1797 826 tu

1052 845 1185 878 nomine
1214 844 1358 888 aequalis
1385 855 1428 883 es,
1463 845 1517 888 sed
1548 855 1612 878 non
1646 846 1799 889 opinione

1052 906 1157 940 neque
1182 896 1263 934 fide,
1288 896 1441 939 quoniam
1463 897 1501 928 ab
1523 896 1613 930 istius
1638 902 1724 930 reeta
1746 898 1796 930 in-

1054 950 1198 983 tentione
1223 956 1254 983 et
1279 950 1486 983 immaculata
1506 950 1569 984 fide
1589 951 1680 984 valde
1702 951 1801 984 decli-

1054 1003 1146 1036 nasti.
1171 1004 1209 1036 Et
1228 1014 1292 1037 non
1313 1004 1417 1037 solum
1437 1010 1548 1037 contra
1562 1010 1591 1037 te
1603 1005 1763 1038 sententio
1776 1005 1797 1046 ⁶,

1055 1058 1111 1091 sed
1139 1063 1170 1091 et
1197 1063 1309 1091 contra
1337 1068 1412 1097 eos,
1440 1058 1583 1102 quinon
1601 1058 1803 1092 erubuerunt

1055 1111 1258 1145 characteres
1276 1111 1510 1144 venerabilium
1531 1112 1801 1155 evangelistarum

1056 1172 1087 1199 et
1106 1166 1327 1210 apostolorum
1354 1177 1408 1200 eos
1425 1166 1641 1210 sequentium,
1666 1178 1702 1200 ac
1722 1178 1799 1211 per-

1057 1220 1214 1252 fectorum
1237 1220 1407 1253 doctorum
1428 1230 1613 1261 sermoneS‚
1643 1226 1673 1253 et
1700 1220 1800 1253 insta-

1057 1272 1112 1305 bili
1140 1272 1299 1305 sententia
1331 1284 1366 1306 ex
1396 1278 1449 1306 tua
1474 1273 1585 1317 iniqua
1604 1274 1804 1317 expositione

1058 1326 1173 1359 firmati
1183 1331 1270 1359 sunt:
1287 1333 1451 1371 tamquam
1465 1327 1651 1360 dulcissima
1665 1328 1804 1361 circum-

1057 1380 1215 1424 sequendi
1244 1380 1275 1413 in
1308 1381 1392 1414 mala
1419 1381 1593 1425 opinione,
1622 1382 1708 1426 quod
1730 1392 1804 1414 vere

1058 1434 1296 1467 amarissimum
1309 1440 1367 1475 est,
1381 1441 1485 1468 etnon
1495 1441 1679 1468 averterunt
1693 1435 1804 1468 huius-

1059 1488 1146 1521 modi
1168 1488 1378 1532 impietatem.
1403 1488 1551 1521 Dicemus
1569 1499 1645 1530 erg‘o
1667 1488 1735 1525 tibi,
1759 1489 1803 1521 si-

1058 1547 1111 1574 cut
1140 1547 1171 1574 et
1202 1547 1315 1574 contra
1340 1541 1430 1574 illos:
1466 1541 1629 1581 Qitom'mn
1656 1541 1805 1574 clileoeisti

1057 1595 1268 1638 iniquitatem
1281 1595 1388 1638 mapsa
1402 1595 1494 1638 loqui
1506 1606 1607 1638 qucmu
1624 1595 1801 1631 iustitiam,

1058 1649 1207 1682 dilexisti
1241 1659 1339 1692 super
1370 1650 1482 1681 omnia
1519 1649 1805 1692 praecipitett'ouis

1060 1703 1212 1747 linquam
1230 1703 1392 1739 dolosam:
1420 1707 1552 1746 propter
1573 1703 1630 1735 hor
1650 1703 1735 1735 Deus
1751 1702 1805 1735 (le-

1058 1761 1160 1790 struet
1183 1758 1258 1790 tem
1278 1757 1408 1800 finemft,
1433 1762 1541 1790 etnon
1563 1757 1667 1790 solum
1690 1757 1729 1789 ab
1744 1758 1807 1789 An-

1060 1811 1209 1845 tiochena
1233 1811 1390 1851 Ecclesia,
1422 1811 1477 1844 sed
1503 1811 1541 1843 ah
1568 1810 1657 1844 omni
1678 1811 1806 1843 civitate

1060 1865 1210 1909 deponet.
1240 1865 1276 1898 Et
1296 1864 1391 1897 firma
1415 1864 1455 1897 sit
1473 1864 1552 1898 haec
1570 1870 1624 1897 tua
1647 1864 1806 1908 depositio

1059 1929 1077 1951 a
1092 1930 1154 1959 me,
1179 1924 1210 1952 et
1230 1919 1269 1952 ab
1290 1918 1339 1952 his
1360 1918 1414 1962 qui
1441 1929 1504 1952 una
1529 1929 1656 1952 mecum
1678 1924 1808 1962 aposto-

1061 1972 1158 2005 licum
1180 1973 1332 2006 thronum
1354 1978 1482 2015 regunt,
1499 1973 1581 2006 ctab
1596 1972 1712 2006 Acacio
1727 1973 1808 2006 Con-

1060 2026 1367 2071 stantinopolitanae
1396 2026 1555 2060 Ecclesiae
1576 2032 1716 2070 pastore,
1738 2033 1768 2059 et
1789 2038 1807 2059 a

1060 2144 1198 2179 epistolis.
1219 2144 1307 2175 Quum
1324 2152 1355 2171 ex
1375 2143 1450 2170 hisce
1467 2143 1555 2171 verbis
1571 2143 1710 2170 evidenter
1725 2151 1809 2179 appa-

1061 2193 1129 2221 reat,
1151 2189 1218 2215 hnnc
1242 2197 1301 2216 esse
1323 2189 1430 2216 tertiam
1454 2188 1585 2223 Simplicii
1609 2188 1750 2224 epistolam
1775 2188 1808 2215 ad

1062 2234 1201 2261 Fullonem
1214 2233 1409 2267 transmissam,
1420 2232 1600 2259 dubitandum
1611 2241 1664 2259 non
1676 2236 1726 2265 est,
1737 2232 1807 2268 quod

1061 2276 1180 2303 secunda
1206 2276 1349 2302 interierit.
1378 2274 1436 2301 vid.
1460 2275 1520 2302 Ser.
1546 2274 1604 2301 [tin.
1628 2274 1699 2310 apud
1722 2274 1809 2309 Migue

1062 2325 1116 2348 not.
1135 2330 1163 2354 ιι,
1179 2321 1197 2347 l.
1214 2330 1237 2347 c.
1256 2329 1315 2356 pag.
1332 2321 1394 2348 9215.

1097 2367 1113 2392 Γ»
1131 2367 1169 2393 At.
1193 2366 1293 2393 sentio.
1316 2365 1393 2398 Male,
1416 2369 1445 2392 ut
1463 2365 1549 2399 liquet
1566 2373 1597 2391 ex
1614 2373 1704 2400 graec.
1724 2368 1807 2391 textu.

1098 2411 1113 2438 7
1134 2411 1205 2438 Psal.
1222 2417 1247 2437 Li
1262 2433 1267 2443 ‚
1287 2419 1310 2436 v.
1331 2410 1358 2443 5,
1380 2410 1406 2443 6,
1423 2410 1447 2436 7.
1462 2410 1558 2436 Graec..
1572 2413 1636 2436 text.
1651 2409 1808 2440 habetzeyx-

1062 2467 1133 2484 πωας
1152 2466 1226 2480 ταντα
1244 2465 1269 2479 τ’,
1289 2465 1383 2489 (Aristoma
1401 2465 1587 2486 νκταπσντισμου
1604 2457 1707 2485 floreum*
1719 2455 1807 2479 δολίαν.

1064 2501 1204 2528 Diteffisti
1228 2501 1329 2527 omnia
1353 2500 1438 2527 verbu
1462 2500 1732 2534 praecipitationis,
1755 2500 1810 2525 Iiu-

1063 2555 1149 2581 gyuam
1164 2547 1302 2573 «tolosam.
1321 2545 1398 2580 Vulg.
1417 2553 1479 2572 vero
1495 2544 1565 2580 leg.:
1589 2545 1730 2572 Dileristi
1750 2553 1810 2570 ma-

1065 2592 1158 2619 litium
1172 2599 1260 2625 super
1276 2590 1494 2624 benignitatem,
1508 2590 1694 2624 iniquitatem
1705 2589 1809 2623 inayis,

1065 2645 1153 2671 quum
1169 2637 1247 2671 loqui
1262 2636 1449 2670 aequitatem.
1463 2635 1601 2662 Dum-[sei
1616 2634 1715 2662 omnia
1726 2634 1809 2660 verb«

1061 2681 1328 2716 praecipitationis,
1350 2680 1452 2715 linqua
1472 2680 1578 2706 dolosa.
1605 2679 1808 2713 Propterea...

1825 260 1874 287 An.
1891 260 1919 287 C.
1941 260 1993 288 ⁴83

1826 696 1910 716 Frustra
1923 696 1997 716 athno-

1811 724 1867 743 nitus
1875 723 1997 743 anathema-

1810 751 1895 770 tizatur.
