2244 3183
83 233 130 260 Αη.
152 234 248 270 0493

113 720 186 745 itaque
213 725 269 745 peni-

85 749 118 767 tus
137 746 257 772 effugiendi.

121 1306 201 1331 Quique
214 1306 274 1325 aliter

90 1331 165 1351 doceat
186 1331 275 1352 Romani

91 1357 186 1378 Pontifici
197 1358 275 1379 denun-

91 1385 187 1405 cientium

132 1785 217 1806 Mandat
230 1802 233 1808 ,
256 1787 276 1806 ut

93 1813 146 1832 haer:
154 1814 238 1833 tinitnns
248 1813 276 1833 in·

94 1841 213 1863 nutesraut.

885 234 909 257 S.
936 233 1085 258 GELASIUS
1106 234 1114 257 1
1135 234 1184 258 PP.

282 282 330 314 vel
348 281 519 314 cuiuslibet
539 281 693 315 haeretici
714 281 753 314 ad
775 280 1024 314 eeclesiasticam

284 334 508 367 recitationem
534 345 653 367 nomen
672 333 863 371 admittitur,
887 333 1025 367 simulet

282 387 481 421 consortium
496 387 692 421 detestabilis
701 386 822 420 erroris
840 386 1026 421 assumitur.

284 441 374 474 Unde
395 441 471 485 quia
492 451 634 474 errorem
655 441 786 485 quidem
807 441 958 481 fatentur,
973 441 1026 473 sed

283 505 320 527 ea
334 494 393 528 sibi
415 500 529 538 putant
549 494 812 527 communionem
835 493 1027 526 catholicam

284 548 471 581 conditione
496 547 677 587 laxandam,
701 552 735 580 ut
757 546 889 580 nomina
914 557 1027 580 eorum

284 601 337 645 qui
358 601 568 645 praevaricati
590 607 664 634 sunt
686 601 747 633 illis
774 601 804 633 in
825 600 968 634 Ecclesia
979 610 1030 633 re-

285 655 384 688 eitare
405 654 447 687 sit
471 654 606 693 licitum,
630 660 659 687 et
680 665 744 687 non
767 659 831 687 tam
853 654 911 698 ipsi
930 654 1031 687 corri-

285 719 372 751 gere,
393 718 488 752 quam
511 708 728 741 sinceritatem
751 707 943 741 catholicam
959 707 1030 740 insi-

286 772 359 795 cere
393 761 536 795 nitantur
565 762 714 804 contagio
743 762 960 805 perfidorumj.
984 761 1031 794 di-

285 815 456 849 lectionem
494 821 629 848 vestram
668 817 828 848 fraternae
865 815 1031 848 eharitatis

285 868 402 902 affeetu
428 879 493 901 non
521 868 703 901 destitimus
723 869 911 907 admonere,
947 874 982 900 ut
1005 868 1029 900 si

285 921 341 966 qui
368 921 443 954 talia
467 921 664 954 seminantes
685 922 724 954 ad
746 927 865 954 vestras
882 921 1032 963 regiones

285 975 366 1008 forte
386 974 603 1019 pervenerint,
628 974 732 1008 modis
750 974 901 1007 omnibus
926 975 1049 1007 exem-i

287 1029 421 1069 dantur,
457 1029 612 1072 vobisque
638 1039 710 1061 eum
740 1028 815 1061 sede
840 1028 925 1061 beati
947 1039 1028 1072 apo<-

287 1082 360 1116 stoli
389 1082 486 1121 Petri,
514 1081 597 1115 sicut
625 1093 641 1114 a
670 1082 816 1126 patribus
847 1082 965 1116 nostris
987 1087 1051 1115 esti

288 1135 417 1175 tradita,
435 1135 558 1169 illibata
571 1135 772 1176 communio,
787 1141 883 1180 atque
898 1147 933 1169 ex
944 1136 1032 1169 omni
1049 1118 1051 1150 ς

288 1195 379 1233 parte
405 1189 593 1222 inconvulsa
615 1190 778 1232 perduret.
806 1190 896 1223 Certe
917 1189 942 1222 si
963 1186 1051 1233 quis}

289 1253 384 1276 aures
408 1248 528 1275 vestras
556 1243 594 1275 de
627 1243 686 1275 hac
715 1243 890 1276 crediderit.
916 1243 1052 1276 suh1·e-'

289 1295 400 1339 ptione
432 1296 622 1339 pulsandas,
646 1295 863 1329 sollieitudine
883 1297 1033 1340 pastorali

290 1350 330 1383 ad
356 1360 414 1383 nos
439 1360 535 1393 quam
570 1349 663 1383 citius
695 1351 817 1383 referre
841 1346 1054 1394 properetis?

291 1409 322 1436 et
346 1402 351 1419 ¹
386 1403 553 1436 communi
585 1403 694 1437 studio
720 1404 945 1448 catholicoque
968 1410 1032 1437 tra·
1052 1428 1054 1457 Ι

292 1462 376 1490 ctatu
402 1467 461 1500 pro
481 1457 578 1490 domo
593 1457 689 1490 unius
709 1457 836 1490 Domini
858 1458 965 1491 cuncti
978 1469 1033 1491 ca·
1052 1460 1054 1477 ³

291 1509 401 1543 tholici
422 1510 590 1543 conserant
610 1510 811 1550 sacerdotes3
835 1516 870 1543 ut
883 1510 936 1543 et¹3
954 1522 1037 1554 quae

291 1562 490 1595 orthodoxae
520 1563 700 1596 definitioni
724 1569 925 1607 competunt,
950 1564 1034 1597 inte-

291 1621 414 1649 merata
434 1622 619 1655 serventur,
637 1622 668 1649 ct
681 1622 840 1660 quatenus
854 1617 1037 1650 errantibus

292 1669 408 1703 debeat
418 1670 593 1710 subveniri,
607 1670 790 1703 rationabili
801 1670 1037 1704 deliberatione

291 1730 454 1757 noscatur.
467 1723 551 1756 llaec
565 1729 672 1756 autem
683 1729 787 1756 vestra
799 1723 930 1757 dilectio
941 1724 1036 1757 etiam

292 1777 333 1810 ad
359 1776 527 1819 contiguas
547 1777 606 1810 sibi
621 1788 766 1821 quasque
785 1777 966 1821 provincias
987 1777 1035 1810 vi-

293 1830 447 1874 cinosque
467 1830 639 1863 Pontifices
656 1831 834 1874 prudenter
852 1830 944 1863 saciat
959 1841 1035 1875 per·
1054 1841 1056 1876 ξ

293 1884 414 1923 venire,
447 1890 481 1917 ut
511 1884 727 1917 Ecclesiarum
762 1885 936 1927 praesules,
962 1881 1056 1917 uni-¹

294 1947 401 1970 versae
431 1937 572 1970 veritatis
601 1937 813 1971 instructione
835 1944 987 1982 percepta
1015 1939 1025 1953 ³

329 2056 340 2079 t
358 2053 527 2089 Atii‚‹p=it›us
537 2053 667 2080 adhaeret
682 2063 708 2080 u.
727 2054 785 2080 rod.
800 2054 879 2088 3786,
898 2054 1038 2090 sorteper-

294 2107 387 2133 peram
405 2099 474 2133 legg.
493 2100 534 2125 ul.

329 2143 346 2169 2
361 2143 425 2169 Cod.
448 2142 513 2169 4961
533 2142 614 2169 babet
634 2142 805 2170 dunitaxatet
822 2152 904 2178 quac.

328 2186 398 2213 3ld.
426 2186 487 2213 cod.
515 2186 585 2213 forte
613 2187 710 2213 melius
726 2187 919 2215 Ecclesiarum
947 2196 1058 2222 prae-1

294 2232 365 2259 sales
386 2232 523 2263 universi,
536 2233 667 2260 vernulis
684 2233 873 2260 instructione
891 2236 1039 2268 percepta.
1057 2241 1058 2248 ¹

330 2280 345 2306 4
362 2280 435 2307 tuxia
452 2280 554 2307 Uinium
571 2281 626 2307 dat.
643 2290 705 2308 aiut.
731 2282 792 2315 1292,
810 2281 854 2317 qui
873 2281 975 2317 primus
992 2282 1042 2309 suit
1057 2304 1058 2307 ,

297 2325 471 2352 Pontificatus
487 2325 596 2352 Gelasii.
611 2325 643 2352 Et
653 2334 717 2353 sane
727 2334 778 2353 uon
791 2326 965 2362 inepte:uam
975 2326 1040 2354 hae·
1057 2317 1059 2364 Ξ

296 2370 377 2396 resim
388 2370 581 2405 Eutychianam
593 2375 679 2397 ortam
695 2370 796 2398 scimus
815 2372 1041 2404 ann.-4t8;Geta-
1057 2371 1059 2382 ¹

296 2414 351 2442 sius
366 2419 454 2441 autem
470 2414 589 2441 subinit.
608 2414 687 2442 buius
702 2415 833 2451 epistolae
848 2424 933 2443 annos
947 2416 981 2443 ab
997 2416 1042 2443 illa
1058 2418 1059 2455 ζ

296 2462 423 2486 numerat
448 2459 554 2495 elapsos
581 2459 623 2486 45.
650 2459 710 2486 Vid.
735 2459 794 2486 Bin.
813 2460 830 2487 1.
855 2469 890 2492 0.,
913 2460 955 2487 cui
976 2460 1060 2488 taire?

298 2502 376 2537 plene
393 2503 537 2531 consentit.

332 2554 348 2580 5
364 2552 400 2580 Ex
421 2553 508 2580 Mansi
526 2553 633 2581 Concil.
657 2553 769 2581 collect.
788 2557 806 2580 t.
824 2560 872 2587 vii,
888 2554 939 2581 cot.
964 2555 1041 2588 1096,
1059 2565 1060 2583 ς

298 2597 456 2633 primusque
475 2606 490 2625 e
512 2598 693 2626 vetustissimo
709 2597 801 2625 codice
816 2597 885 2625 hanc
900 2598 1041 2633 epistotam
1058 2591 1060 2621 ἶ

299 2641 324 2668 in
336 2641 423 2669 lucem
435 2642 551 2678 prodidit
558 2642 690 2679 Iosephus
701 2642 882 2674 Blancliinius‚
894 2642 957 2678 quin
969 2650 1043 2669 ama-
1058 2635 1060 2670 i

1705 222 1768 254 269

1060 281 1260 314 mortiferam
1288 280 1449 314 declinare
1469 281 1594 313 valeant
1620 279 1799 312 salsitatem.

1060 335 1099 367 Et
1117 334 1330 377 subscriptio:
1361 334 1444 367 Deus
1464 344 1519 367 vos
1540 333 1723 365 incolumes·
1743 343 1801 364 eu-

1061 386 1190 426 stodiat,
1208 387 1322 419 fratres
1343 386 1500 419 carissimi
1515 386 1534 419 ⁴.

1286 623 1468 657 EPISToLA
1496 624 1534 657 lll
1550 625 1569 656 ⁵.

1064 731 1195 764 Natalis
1216 742 1276 774 pro
1305 730 1366 773 fide
1386 731 1644 763 sollici!udinem
1667 731 1808 764 laudans

1111 793 1308 827 orientalem
1332 794 1505 826 Ecclesiam
1529 793 1688 836 deplorat,
1714 804 1805 826 ezir»-

1109 867 1170 899 que
1193 856 1390 888 veliementer
1415 856 1544 895 turcilat,
1575 860 1608 888 ut
1629 855 1806 888 haeretico-

1111 928 1183 950 rum
1201 917 1305 949 saluti
1328 921 1389 949 toto
1405 920 1529 959 pectore
1548 916 1687 955 studeat,
1711 927 1748 948 tic
1773 916 1811 948 de

1112 980 1282 1022 religsiom's
1296 980 1441 1022 profectu
1461 979 1590 1022 saepius
1613 980 1739 1021 reserat.

1174 1087 1375 1115 Dilectissimo
1401 1087 1461 1115 filio
1484 1087 1583 1115 Natali
1604 1087 1706 1114 abbati

1278 1141 1414 1168 Gelasius
1434 1141 1604 1175 Episcopus.

1113 1239 1263 1279 Quamvis
1285 1250 1342 1282 pro
1369 1239 1452 1271 beati
1475 1239 1557 1272 Petri
1579 1239 1716 1283 apostoli
1739 1251 1810 1273 mo-

1071 1347 1138 1380 eius
1167 1346 1281 1379 Yiearii
1308 1346 1432 1379 eunetis
1457 1352 1531 1379 sunt
1550 1347 1699 1379 Ecclesiis
1720 1346 1812 1380 debi-

1072 1406 1166 1437 tores.
1191 1400 1229 1432 ad
1252 1400 1366 1432 fratres
1388 1405 1414 1432 et
1435 1399 1645 1444 coepiscopos
1658 1410 1747 1433 meos
1760 1411 1817 1444 per

1071 1453 1263 1487 Dardaniam
1273 1453 1464 1487 constitutos
1472 1453 1688 1497 competentia
1699 1453 1817 1498 scripta

1073 1507 1260 1540 dederimus
1280 1508 1290 1523 ⁸
1317 1507 1469 1551 antiquae
1496 1507 1572 1540 tidei
1607 1507 1813 1540 communio-

1072 1561 1185 1604 nisque
1203 1561 1364 1593 tramitem
1387 1561 1633 1604 subsequentes,
1654 1567 1687 1593 ut
1705 1572 1818 1594 cavere

1073 1615 1197 1648 valeant
1212 1614 1360 1657 contagia
1382 1615 1594 1658 perfidorum,
1609 1620 1637 1647 et
1650 1615 1817 1648 nobiscum

1073 1668 1232 1701 illibatum
1260 1673 1368 1701 tenere
1394 1668 1611 1707 consortium;
1638 1674 1745 1702 tamen
1765 1669 1815 1702 di-

1074 1722 1246 1755 lectionem
1268 1732 1398 1765 quoque
1420 1727 1507 1754 tuam
1530 1732 1594 1754 uon
1613 1722 1820 1755 desistimus⁷

1074 1775 1293 1808 desiderantes
1317 1775 1426 1814 affari,
1459 1775 1550 1808 cuius
1572 1780 1602 1808 et
1623 1775 1815 1809 sollieitudi-

1074 1840 1147 1861 nem
1171 1829 1210 1862 de
1231 1828 1335 1862 noxiis
1355 1829 1539 1872 quibusque
1560 1828 1708 1869 vitandis,
1732 1835 1763 1863 et
1788 1829 1819 1862 in

1075 1882 1264 1923 retinendis,
1288 1894 1372 1926 quae
1397 1883 1436 1916 ad
1466 1882 1636 1915 utilitatem
1658 1883 1817 1926 pertinent

1029 1966 1035 1975 ‚
1074 1936 1296 1976 christianam,
1312 1936 1507 1969 laudabilem
1521 1936 1742 1980 perspeximus
1753 1947 1821 1969 esse.

1074 2043 1216 2071 nuensium
1233 2047 1322 2070 errata
1339 2043 1505 2070 emendaret.
1523 2043 1635 2070 Cuinam
1652 2052 1714 2070 roro
1736 2043 1820 2070 Natali

1075 2088 1176 2115 indicta
1200 2089 1233 2115 sit
1256 2088 1326 2115 haud
1348 2092 1429 2124 patet.
1452 2088 1624 2115 Blanchiuius
1644 2089 1677 2115 ad
1698 2088 1821 2115 Natalem

1075 2133 1150 2160 illum
1167 2133 1275 2160 coniicit
1291 2133 1409 2167 missam,
1427 2133 1469 2160 eui
1490 2133 1669 2168 fragmentum
1685 2140 1710 2159 ix
1728 2133 1822 2160 inscri-

1076 2178 1158 2210 bitur,
1176 2178 1238 2205 licet
1259 2179 1381 2205 vaticana
1401 2177 1520 2204 Ansetmi
1546 2177 1679 2209 collectio,
1705 2182 1732 2204 ct.
1756 2186 1819 2204 mss.

1075 2222 1153 2249 Card.
1185 2222 1333 2249 Deusdedit
1358 2222 1476 2249 Natalem
1505 2221 1661 2257 episcopum
1688 2221 1713 2248 iu
1743 2222 1821 2250 titulo

1077 2263 1270 2298 praeseferant.
1287 2262 1407 2289 Verbum
1424 2262 1495 2289 euim
1511 2262 1649 2296 episcopo,
1667 2262 1819 2298 inquitille,

1076 2303 1144 2330 forte
1166 2311 1213 2338 pro
1237 2302 1350 2329 arbitrio
1376 2302 1553 2329 substitutum
1575 2302 1626 2328 fuit
1649 2303 1821 2330 archiman-

1075 2343 1180 2375 aritae,
1202 2351 1255 2379 quo
1276 2351 1387 2369 munere
1402 2342 1505 2369 Natalis
1528 2346 1619 2369 noster
1647 2342 1671 2369 in
1688 2343 1824 2370 Dardania

1077 2383 1251 2419 fungebatur,
1267 2383 1294 2410 ni
1318 2383 1407 2418 potius
1422 2382 1457 2410 ob
1477 2383 1599 2418 egregias
1614 2383 1727 2410 virtutes
1742 2382 1823 2410 'Nata-

1078 2424 1130 2451 lem
1146 2423 1292 2459 episcopali
1313 2423 1443 2459 dignitate
1459 2422 1485 2450 in
1505 2425 1642 2459 posterum
1658 2423 1759 2451 dixeris
1780 2423 1822 2450 in‘

1078 2464 1217 2500 signitum.

1113 2509 1130 2535 o
1146 2508 1260 2535 Litteras
1276 2507 1371 2540 innuit,
1388 2507 1421 2535 de
1441 2507 1539 2543 quibus
1554 2507 1579 2535 in
1598 2508 1720 2543 praeced.
1734 2516 1776 2543 ep.
1791 2508 1822 2534 ad

1078 2557 1132 2580 not¹
1155 2553 1181 2580 5.
1797 2556 1802 2558 ’

1112 2599 1125 2625 7
1147 2609 1158 2621 «ι
1173 2598 1343 2626 Descicimus
1354 2608 1365 2621 n
1386 2597 1512 2625 Vetustus
1527 2597 1610 2625 codex
1626 2597 1764 2627 Lateran..
1776 2596 1822 2623 sed

1081 2649 1234 2678 perperam,
1255 2645 1284 2668 ut
1300 2642 1415 2670 videtur.

1834 231 1881 256 An.
1903 230 1930 254 (2.
1949 230 2000 256 493

1870 1250 1897 1269 Ad
1917 1247 2011 1268 &atatem

1070 1293 1236 1327 deramine
1262 1293 1415 1326 dix-initus
1447 1292 1609 1331 instituto,
1639 1305 1703 1337 quo
1731 1294 1816 1327 sedis
1829 1275 2001 1323 ΕΞΞῩ1“”““Ι”“
