2244 3183
979 203 1137 226 Aprtcxmx
1160 203 1306 226 [immanil
1328 202 1446 226 nomm
2010 201 2063 227 An.
2080 200 2108 227 C.
2124 201 2175 229 452
2223 224 2231 238 Ι,

1238 250 1386 284 Flaviano
1401 251 1469 283 iure
1484 251 1682 289 damnatum,
1694 249 1724 281 in
1739 249 1872 291 gratiam
1889 259 1976 283 com-
2002 260 2174 292 ⁸Eurymenas.
2224 288 2227 293 „

1239 304 1408 344 munionis,
1437 309 1607 346 antequam
1638 314 1710 335 cum
1740 302 1788 335 his
1817 303 1871 346 qui
1901 313 1976 336 con-
1991 287 2100 361 Ξὲῗῖζῖἓῖῗη
2116 289 2178 336 ζἰῗιῖιζ
2215 314 2231 335 ’ἰ

2019 347 2049 361 115¹
2059 348 2067 361 Ι’
2078 347 2119 362 tum
2143 347 2176 363 sss-

262 202 358 230 ΛΜ).
380 202 430 230 ,452
494 194 535 227 92

297 265 391 285 clinans
415 252 579 284 ostnebl'ae
607 251 725 284 erroris
753 251 877 283 ablatae
904 256 996 291 suut,
1025 256 1057 283 nt
1083 250 1113 282 in
1140 261 1204 282 uno

262 297 328 314 Ullus,
343 297 368 310 ss(
385 296 446 310 verns

263 318 307 341 nea,
323 320 342 337 a
356 317 446 338 nonam>-
459 304 595 338 Domino
626 309 737 337 nostro
772 314 846 336 vero
873 309 903 336 et
926 303 981 336 Dei
1009 309 1036 336 et
1063 303 1203 336 bominis

333 1535 447 1555 Dioscorus

265 1561 374 1581 Eccleaav
384 1567 448 1582 cano-

264 1593 311 1608 num
325 1588 419 1608 violator.

262 344 322 364 ⁵¹¹¹*
461 357 528 390 filio
555 368 613 390 nee
640 357 679 390 de
709 356 918 390 humanitatis
943 356 1126 398 ambigatur
1147 366 1202 389 na-

462 416 544 450 tura,
567 421 626 443 nee
647 411 685 443 de
710 409 842 443 Deitatis
867 409 1014 442 essentia.
1032 409 1066 442 ln
1089 409 1203 453 impios

461 469 567 496 autem
588 463 718 496 nefandi
740 463 858 497 erroris
884 468 1049 503 auctores,
1075 462 1128 506 qui
1156 462 1203 495 in-

315 528 445 557 saniqnnam
461 517 575 557 dignos
594 526 626 548 se
652 516 707 549 Dei
739 516 840 558 gratia
872 516 1068 556 iudicantes,
1097 526 1203 549 corre-

263 555 575 627 {litt->⁰'3550'121‘2'313orionis
601 568 645 602 uti
667 569 819 603 remediis
841 569 1025 608 noluerunt,
1044 569 1146 612 qualis
1165 568 1200 601 sit

263 615 288 629 llll
311 615 331 628 l.

461 627 524 659 lata
541 624 709 664 sententia,
727 623 933 666 exemplaria,
947 634 1029 666 quae
1044 623 1200 663 misimus,

461 679 660 712 edocebunt:
685 683 719 710 ut
744 682 897 719 agnoscat
921 682 1024 709 restra
1054 676 1200 716 dilectio,

462 734 574 765 fratres
594 731 761 771 carissimi,
784 731 815 763 in
836 736 946 763 sancto
967 730 1112 762 examine
1127 729 1204 761 divi-

460 796 538 818 num
558 796 624 818 non
646 784 784 817 defuisse
805 783 977 823 iudicium,
1002 793 1065 826 quo
1087 789 1116 815 et
1137 783 1203 815 rin-

461 840 544 873 dicta
565 839 721 872 retributa
742 843 786 870 est
812 838 990 875 obduratis,
1015 842 1044 869 et
1066 847 1124 879 pax·
1146 836 1204 868 im-

460 903 560 937 pensa
580 892 742 925 correctis.
767 890 921 924 Dominus
946 901 1001 923 ros
1027 890 1204 923 incolumes

447 945 630 986 ‘custodum
660 946 773 979 fratres
793 944 949 977 carissimi
972 942 989 975 ¹.

516 1061 700 1094 Sententiae
724 1061 915 1092 Dios-coram
940 1059 1105 1102 erenzptar
1124 1059 1144 1091 ².

505 1157 715 1191 Paschasinus
751 1157 920 1199 episcopus
955 1156 1199 1199 Lilybaetanus,

463 1211 631 1245 Lucentius
650 1211 660 1225 ³‘
678 1210 846 1253 episcopus
864 1209 1039 1241 Asculanus
1060 1214 1090 1240 et
1110 1207 1203 1241 Boni-

463 1265 562 1298 sacius
579 1265 746 1308 presbyter
766 1263 925 1296 Ecclesiae
941 1262 1096 1295 maximae
1109 1262 1202 1295 Urbis

462 1319 594 1358 Romae,
617 1317 726 1350 vicarii
746 1316 935 1350 sanctissimi
968 1327 1004 1348 ae
1027 1315 1202 1348 beatissimi

462 1382 565 1415 papae
595 1370 709 1403 Leonis
734 1369 937 1413 Apostolicae
962 1368 1052 1402 Sedis
1081 1367 1203 1401 antisti-

464 1424 511 1464 tis,
532 1423 832 1467 pronuntiaverunt.

506 1476 669 1509 Manifesta
685 1481 759 1509 sunt
778 1486 860 1519 quae
879 1474 1050 1507 Dioscorus
1070 1474 1204 1506 Alexan-

463 1531 575 1563 drinae
607 1530 696 1562 urbis
731 1529 861 1562 antistes
897 1534 1007 1561 contra
1043 1537 1203 1560 canonum

464 1583 665 1626 disciplinam
691 1582 883 1624 regulasque
911 1581 1142 1614 ecclesiasticas
1167 1580 1204 1612 il-

463 1636 550 1668 licita
562 1635 824 1679 praesumptione
838 1634 1009 1674 commisit,
1020 1633 1099 1666 sicut
1114 1644 1205 1677 prae—

464 1689 556 1721 terita
585 1694 749 1730 gestorum
775 1698 830 1720 seu
855 1697 1007 1731 praesens
1036 1685 1206 1719 declaravit

463 1742 596 1774 assertio
613 1742 634 1774 ⁴.
658 1743 685 1774 Is
705 1751 856 1784 namque,
878 1746 913 1773 ut
932 1741 1025 1783 plura
1045 1740 1206 1783 relinqua-

465 1806 547 1835 mus,
560 1795 723 1839 Eutychen
744 1799 924 1827 consortem
946 1793 1101 1837 perfidiae
1116 1803 1202 1830 suae,

464 1860 481 1880 a
501 1848 634 1892 proprio
651 1848 803 1891 episcopo
824 1853 951 1880 sanctae
974 1847 1206 1880 recordationis

502 1978 510 2003 1
534 1977 609 2003 quta
630 1976 753 2003 ballerin.
775 1976 826 2002 col.
859 1976 927 2002 1140
942 1976 1004 2002 data
1029 1976 1099 2002 circa
1120 1984 1202 2002 mens.

464 2022 532 2049 febr.
555 2022 594 2048 vel
617 2021 740 2047 martium
758 2030 799 2047 an.
817 2020 876 2047 45⁶2.

498 2068 514 2093 ⁹3
536 2067 609 2093 Hanc
625 2066 786 2092 sententiam
804 2074 856 2092 una
877 2074 937 2092 cum
959 2065 1131 2101 praecedenti
1147 2065 1204 2101 epi-

464 2112 532 2138 stola
555 2111 581 2137 in
598 2111 708 2137 Galliam
739 2110 821 2137 fuisse
842 2110 950 2136 missam
970 2110 1054 2145 liquet
1078 2119 1108 2136 ex
1142 2110 1206 2144 ipsis

464 2151 561 2178 Leonis
579 2150 675 2177 verbis.
699 2150 745 2176 llic
761 2158 819 2176 cam
832 2150 932 2185 prinms
948 2150 1062 2176 subiecit
1086 2150 1203 2176 Sirmou-

465 2192 524 2223 dus,
547 2191 591 2226 qui
608 2191 740 2225 superiori
765 2190 894 2224 epistolae
914 2190 1047 2216 subditam
1065 2190 1164 2216 invenit
1179 2191 1204 2216 in

464 2231 542 2258 codd.
560 2230 650 2256 Corb..
669 2234 695 2256 ct
730 2229 886 2256 l'itlieeano.
912 2230 980 2256 Num
996 2238 1058 2255 vero
1080 2229 1129 2255 boc
1145 2229 1204 2255 lati-

465 2279 528 2297 num
543 2270 678 2305 exemplar
694 2270 728 2295 sit
743 2269 831 2296 versio
847 2278 861 2295 e
883 2277 980 2303 graeco
1001 2272 1072 2295 textu
1094 2269 1202 2295 (Ialclic-

465 2310 591 2336 donensis
611 2309 720 2335 Concilii
737 2309 802 2335 actis
823 2309 933 2342 inserto,
950 2309 994 2343 qui
1011 2309 1043 2334 ab
1061 2308 1107 2335 lia(-
1126 2308 1204 2334 latina

465 2349 595 2376 sententia
618 2349 706 2375 verbis
728 2349 840 2374 multum
857 2348 1001 2383 discrepat,
1021 2357 1052 2374 an
1067 2349 1154 2383 potius
1171 2349 1204 2374 sit

465 2390 551 2424 ipsum
571 2389 700 2424 originale
721 2389 831 2415 latinum
851 2398 864 2414 a
892 2389 985 2423 legatis
1006 2389 1086 2414 latine
1111 2388 1201 2423 procul

466 2430 547 2456 dubio
562 2429 661 2456 editum
678 2429 720 2455 alii
741 2428 868 2455 indicent.
891 2428 951 2454 Vid.
970 2429 1202 2455 Balleri11.ett2ac-

466 2470 530 2496 eiar.
553 2469 578 2496 ll.
601 2478 638 2495 cc.

501 2515 516 2541 3
536 2525 547 2538 «
562 2512 692 2540 Sirmond.
711 2522 725 2539 c
744 2513 799 2539 suis
815 2512 882 2539 codd
910 2513 1043 2539 Lucensis
1059 2524 1069 2535 υ

466 2559 518 2586 loc.
534 2559 579 2584 cit.
598 2557 676 2584 Forte
692 2565 848 2584 amanuens.
867 2556 938 2583 vitio.

1079 2534 1082 2538 .
1106 2512 1200 2539 ltaller.

1237 357 1356 398 gregati
1377 358 1500 389 fuerant
1524 356 1556 388 in
1576 356 1736 399 Ephesina
1755 356 1834 388 urbe
1856 355 1977 399 episco-
1992 368 2089 393 sumpsit.

1237 409 1284 452 pis
1303 410 1467 449 resideret,
1488 409 1664 452 suscepisse
1686 409 1900 451 cognoscitur.
1917 409 1979 443 Sed

1238 462 1299 495 illis
1314 463 1443 506 quidem
1463 463 1560 495 Sedes
1580 461 1762 505 Apostolica
1782 461 1907 494 veniam
1921 461 1978 494 tri-

1238 515 1328 555 buit,
1353 515 1427 558 quia
1459 521 1570 548 contra
1594 520 1702 547 votum
1732 514 1866 557 gessisse
1897 525 1979 557 quae

1237 575 1360 613 patrata
1384 575 1458 602 sunt
1487 570 1729 613 approbantur3
1757 569 1800 601 ita
1830 574 1864 602 ut
1895 580 1980 602 nunc

1239 633 1337 666 usque
1369 623 1566 655 adhaereant
1598 628 1627 655 et
1656 622 1841 655 beatissimo
1873 618 1979 666 Papae

1238 681 1266 707 et
1289 675 1461 708 universali
1483 682 1658 718 sanctoque
1680 675 1832 708 coneilio:
1857 685 1920 718 qua
1940 676 1979 708 de

1238 740 1271 761 re
1300 734 1522 762 sacrosanctae
1547 728 1785 761 communionis
1817 729 1979 762 consecuti

1238 788 1311 815 sunt
1347 782 1550 815 medicinam.
1584 782 1769 815 Praedictus
1799 792 1892 822 vero,
1924 782 1979 825 qui

1239 836 1397 869 malorum
1428 835 1665 880 perseverantia
1696 835 1804 868 ornari
1831 846 1863 868 se
1884 835 1979 869 aesti-

1239 895 1314 929 mat,
1338 900 1411 921 cum
1438 890 1552 922 debeat
1576 889 1734 922 submissa
1754 889 1858 922 fronte
1877 899 1979 933 usque

1238 943 1276 974 ad
1303 948 1419 975 terram
1442 954 1513 975 cum
1535 942 1667 985 gemitu,
1692 948 1725 975 ut
1745 942 1904 983 convenit,
1931 942 1979 975 in-

1238 996 1372 1035 clinari,
1398 996 1550 1039 quoniam
1580 1006 1639 1028 nec
1668 995 1843 1029 beatissimi
1875 996 1978 1040 Papae
2026 1001 2137 1032 Episcopis
2156 1001 2177 1023 in

1237 1049 1405 1093 epistolam
1440 1049 1501 1091 legi
1533 1049 1679 1093 permisit
1710 1049 1750 1082 ad
1776 1050 1978 1083 venerandae
1992 1028 2178 1085 iiss'ilecssissssss‘ssiig

1238 1103 1412 1136 memoriae
1443 1103 1628 1136 Flavianum
1659 1103 1772 1137 Christi
1804 1103 1977 1136 antistitem
1993 1087 2160 1103 remrssavema.

1236 1157 1404 1200 scriptam:
1436 1157 1555 1199 quippe
1581 1167 1651 1189 cum
1672 1156 1711 1189 ab
1731 1156 1781 1189 bis
1806 1156 1860 1199 qni
1892 1157 1979 1190 detu-

1237 1210 1339 1241 lerant
1358 1209 1476 1252 petitus
1498 1214 1531 1241 ut
1552 1209 1614 1251 legi
1634 1209 1768 1250 sineret⁷
1787 1210 1978 1242 sacramenti

1236 1262 1449 1294 satisfactione
1488 1262 1574 1305 quod
1614 1262 1805 1305 promiserat
1844 1262 1979 1306 implere

1237 1315 1442 1358 contempsit:
1464 1320 1621 1358 quatenus
1642 1315 1730 1358 pravi
1749 1315 1907 1357 dogmatis
1923 1326 1979 1348 au-

1236 1373 1366 1409 geretur
1386 1368 1544 1412 impietas,
1566 1373 1596 1401 et
1617 1368 1742 1401 occasio
1760 1368 1910 1402 laesionis
1930 1369 1978 1402 vel

1237 1421 1377 1454 scandali
1392 1421 1514 1454 eunctis
1527 1427 1737 1463 generaretur
1750 1421 1903 1454 eeclesiis.
1921 1421 1978 1454 Pa-

1239 1474 1326 1506 tratis
1346 1480 1451 1507 tamen
1471 1474 1530 1513 his,
1553 1474 1712 1507 voluimus
1733 1474 1780 1507 his
1805 1473 1979 1507 sceleribus

1239 1527 1415 1570 indulgere,
1437 1533 1467 1560 et
1483 1528 1608 1561 veniam
1631 1539 1726 1571 quam
1753 1527 1887 1561 caeteris
1912 1527 1979 1571 epi-

1237 1580 1341 1623 scopis
1376 1580 1613 1623 praestitimus,
1646 1580 1815 1622 dignanter
1846 1580 1975 1623 impen-

1239 1634 1325 1673 dere,
1353 1644 1425 1666 cum
1450 1644 1510 1666 nec
1535 1633 1672 1667 similem
1700 1633 1863 1666 iudicandi
1887 1643 1979 1676 repe-

1240 1686 1362 1719 riantur
1390 1687 1400 1702 ⁵
1434 1686 1583 1719 babuisse
1620 1686 1771 1719 fiduciam
1791 1687 1811 1719 Β.
1835 1686 1979 1719 Adiecit⁷

1240 1739 1334 1771 etiam
1357 1745 1578 1772 accusatorum
1597 1740 1788 1783 supplicatio
1809 1739 1903 1772 variis
1927 1749 1978 1772 re-

1239 1794 1317 1825 t'crta
1338 1793 1537 1833 criminibus,
1565 1799 1596 1826 et
1628 1793 1721 1826 tertio
1750 1799 1897 1826 evocatus
1920 1804 1979 1836 per

1240 1846 1522 1879 reverendissimos
1532 1847 1644 1879 l'ratres
1658 1851 1688 1879 et
1700 1846 1908 1890 coepiscopos
1921 1857 1978 1879 no-

2019 1318 2064 1340 Non
2073 1318 2122 1340 item
2128 1318 2177 1340 Dio-

1993 1351 2028 1366 sco
2032 1351 2061 1369 ro.
2066 1345 2126 1366 cuius
2132 1351 2178 1366 exe·

1993 1371 2072 1393 oranda
2080 1372 2177 1398 impietas

1993 1404 2040 1419 eam
2054 1399 2142 1425 respuit.

1239 1980 1294 2003 tur:
1318 1977 1417 2004 illicita
1432 1977 1670 2011 praesumptione
1685 1975 1839 2007 commisit,
1857 1979 1915 2003 tam
1944 1984 1979 2003 ea:

1237 2022 1286 2054 ils,
1303 2029 1372 2055 (luae
1383 2022 1492 2048 sladum
1506 2021 1672 2048 acuminata
1687 2021 1794 2048 suntin
1807 2020 1904 2054 priori
1917 2028 1977 2046 con·

1237 2074 1310 2092 >casa
1327 2065 1364 2099 (id
1385 2069 1424 2091 est
1445 2069 1494 2092 act.
1515 2066 1548 2099 ¹1),
1570 2073 1656 2099 quarn
1677 2073 1712 2091 esc
1732 2065 1779 2099 iis,
1797 2072 1868 2099 quae
1895 2064 1979 2092 hodie

1238 2109 1302 2132 wta
1317 2109 1383 2133 sunt
1399 2115 1422 2132 ³».
1441 2105 1569 2132 Ballerin.
1589 2105 1604 2131 l,
1624 2113 1647 2131 c.

1273 2150 1288 2176 5
1313 2161 1323 2173 ι
1343 2149 1475 2176 Sirmond.
1502 2149 1526 2175 in
1545 2153 1626 2183 textu,
1644 2153 1670 2176 et
1690 2148 1825 2180 Quesnell.
1846 2149 1872 2176 in
1892 2157 1978 2183 marg.

1239 2190 1413 2223 reperiatur.
1431 2191 1462 2215 At
1483 2190 1670 2223 repertantur
1692 2189 1868 2224 praetulimus
1885 2210 1890 2219 ,
1917 2189 1979 2224 quia

1238 2236 1268 2254 ex
1289 2236 1384 2262 graeco
1407 2229 1472 2255 bace
1501 2230 1654 2256 reseruntur
1674 2230 1706 2255 ad
1732 2232 1852 2255 caeteros
1872 2228 1978 2264 episco-

1238 2278 1295 2304 pos,
1317 2269 1415 2303 quibus
1437 2269 1513 2295 venia
1534 2269 1660 2304 praestita
1681 2268 1730 2295 tuit
1749 2279 1774 2295 ».
1792 2269 1891 2295 Baller.
1912 2269 1931 2295 l.
1953 2277 1976 2294 c.

1272 2314 1287 2337 (ἱ
1309 2323 1319 2337 «ι
1344 2313 1389 2339 llic
1410 2313 1518 2348 antiqua
1540 2313 1626 2339 versio
1648 2313 1797 2339 interiieit:
1830 2313 1884 2340 scd
1912 2321 1978 2347 quo-

1238 2353 1318 2378 niam
1334 2354 1463 2379 serandis
1479 2354 1634 2379 arcessitum·
1647 2354 1778 2387 pr‘iorem
1790 2353 1977 2387 iniquitatem

1239 2392 1316 2418 cattle
1331 2393 1519 2419 transcendit:
1540 2393 1717 2426 praesumsit
1737 2392 1814 2418 enim
1828 2394 1852 2418 el
1868 2399 1978 2418 excom-

1238 2432 1463 2459 ›aunis—attmzem
1480 2433 1589 2459 dicture
1610 2432 1745 2459 (alvers-ns
1759 2431 1977 2458 sanctissimum

1236 2475 1261 2498 ct
1272 2473 1468 2499 beatissimum
1477 2473 1724 2507 archiepiscopum
1734 2480 1856 2506 maynae
1869 2472 1977 2498 Romae

1236 2513 1366 2538 Leonem.
1390 2512 1504 2539 Ballerin
1517 2512 1533 2539 l.
1552 2522 1575 2538 c.

1271 2557 1284 2582 7
1307 2565 1317 2581 ε
1341 2556 1382 2582 ΑΙ.
1406 2557 1550 2591 Accessit,
1574 2557 1611 2583 uti
1636 2564 1706 2582 sens.
1732 2555 1849 2591 postulat
1864 2564 1889 2582 ι.
1915 2554 1976 2582 Bat-

501 2599 518 2625 4
542 2608 553 2623 τι
567 2597 596 2624 In
608 2601 658 2625 act.
676 2597 690 2624 3
702 2597 800 2624 Concil.
818 2596 941 2624 Calched.
959 2600 1022 2624 tom.
1044 2603 1068 2623 lv
1084 2596 1120 2623 ita
1134 2596 1200 2631 legi·
1235 2595 1313 2622 turin.
1330 2595 1347 2622 l.
1364 2604 1388 2623 c.
