2244 3183
236 192 286 221 Au.
299 191 329 221 C.
348 191 397 222 531

248 1474 369 1501 Cartbagin.
380 1473 418 1496 Er-

235 1501 284 1522 cles.
298 1508 319 1522 in
334 1502 419 1527 &Apo-

235 1528 282 1548 stet.
293 1529 419 1549 communio-

235 1560 281 1575 nem
293 1561 385 1577 reversa.

464 183 530 218 482
962 195 1124 219 APPENDIX
1145 195 1297 220 amman
1317 196 1438 221 nonam
1986 199 2037 227 An.
2055 198 2083 228 c.
2102 199 2151 229 531
2189 223 2191 240 3

436 243 518 277 ordo
538 250 692 277 servaret.
714 243 795 283 Quia
814 253 889 277 vero
906 253 1056 287 quaeque
1070 243 1076 259 ¹
1092 253 1180 276 crea-

437 302 508 330 tura
533 298 566 330 in
591 308 655 330 una
680 298 859 341 eademque
875 296 1102 341 vaequalitate9
1122 308 1180 339 gu-

434 350 566 383 bernari
581 351 627 384 vel
642 350 747 383 vivere
768 360 833 383 non
850 355 966 394 potest,
990 350 1178 383 coelestium

435 403 621 436 militiarum
644 404 790 447 exempla
810 414 869 436 nos
889 403 1083 444 instruunt⁸‚
1104 403 1179 447 quia

435 457 511 490 dum
529 457 593 489 sint
613 457 731 499 angeli,
754 456 815 490 sint
834 456 1021 499 archangeli
1035 457 1056 498 ⁴,
1078 457 1180 500 liquet

434 509 510 554 quia
529 520 594 543 non
616 511 767 554 aequales
780 516 866 551 sunt,
889 510 945 544 scd
966 510 998 543 in
1019 516 1179 554 potestate

434 569 465 597 et
489 562 613 604 ordine,
649 563 731 597 sicut
761 563 873 604 nostis,
907 564 1016 597 differt
1038 564 1119 597 alter
1138 564 1178 598 ab

434 616 548 649 altero.
572 616 604 650 Si
626 627 703 659 ergo
724 617 808 650 inter
837 617 907 658 lios,
936 617 991 661 qui
1011 617 1080 650 sinc
1104 628 1179 661 pcc-

434 674 505 703 cato
530 675 621 711 sunt,
650 676 774 704 constet
794 670 886 704 istam
908 681 976 704 csse
997 670 1178 705 distinctio-

433 733 520 764 nem,
542 724 614 768 quis
638 724 809 758 hominum
835 725 957 758 abnuat
978 725 1118 758 libenter
1139 725 1177 758 il-

433 777 542 810 lorum
569 787 603 811 se
628 777 832 822 dispositioni
861 778 1096 812 submittei·e⁵'?
1120 779 1178 813 llic

434 831 520 865 enim
535 842 595 876 pax
608 831 618 848 ⁶
639 837 669 865 et
687 832 827 866 charitas
841 838 952 866 mutua
967 843 1000 866 se
1011 832 1078 867 vice
1090 844 1176 867 com-

432 884 641 929 plectuntur,
676 892 707 919 et
731 891 840 920 manet
867 886 963 920 firma
990 888 1174 929 concordia,

435 938 494 972 ac⁷
513 938 546 972 in
567 939 691 973 alterna
716 945 748 973 ct
774 940 839 974 Deo
868 941 986 985 placita
1004 941 1178 976 dilectione

433 991 610 1026 sinceritas.
639 992 719 1032 Quia
739 993 838 1036 igitur
855 995 1112 1040 unumquodque
1129 1007 1178 1029 sa-

434 1044 573 1079 lubriter
594 1046 692 1080 tunc⁸
716 1048 900 1092 completur
924 1048 1080 1090 officium,
1104 1061 1176 1083 cum

433 1099 531 1133 fuerit
543 1110 636 1141 unus,
657 1099 697 1134 ad
708 1110 804 1144 quem
818 1101 919 1145 possit
931 1102 1067 1143 recurri,
1082 1113 1177 1147 prae-

434 1152 578 1197 positus,
605 1159 679 1187 vota
701 1154 712 1170 ⁹
739 1159 849 1188 nostra
874 1155 1064 1188 charitatem
1089 1161 1176 1190 tuam

434 1206 535 1239 latere
565 1207 740 1249 nolumus,
774 1217 815 1242 ne
846 1208 901 1252 qui
926 1209 1089 1253 particeps
1120 1210 1178 1243 suit

434 1259 671 1301 sollicitudinis,
689 1261 882 1302 gaudiorum
893 1262 1015 1295 fructus
1028 1260 1051 1277 ¹⁰
1063 1263 1178 1295 redda-

436 1318 486 1345 tur
515 1313 660 1346 extorris.
696 1313 733 1346 Et
754 1313 827 1347 ideo
855 1314 1139 1357 Carthaginensem
1158 1314 1176 1331 ¹¹

435 1365 605 1399 ecclesiam
627 1367 667 1400 ad
688 1366 953 1400 communionem
971 1373 1115 1401 nostram
1129 1380 1179 1402 re-

434 1419 542 1461 diisse,
569 1420 706 1454 Domino
735 1421 943 1466 propitiante,
978 1422 1178 1456 tradentibus

433 1472 654 1516 significamus
686 1474 854 1518 alloquiiS,
883 1481 914 1508 et
934 1475 1174 1517 mandatorum,

434 1536 516 1570 quae
536 1527 650 1570 legatis
673 1528 793 1562 nostris
820 1528 983 1570 dedimus,
1007 1529 1124 1563 seriem
1145 1530 1178 1563 in

434 1580 586 1614 omnibus
603 1581 699 1615 fuisse
713 1581 918 1625 completam.
935 1582 978 1616 De
996 1594 1059 1626 qua
1072 1589 1174 1626 parte,

471 1687 640 1749 tldQuacque
666 1695 809 1724 perperam
835 1688 967 1716 omittitur
994 1689 1021 1717 in
1046 1690 1176 1726 praedict.

434 1729 477 1748 ror
508 1743 512 1749 .

465 1763 484 1802 ⁴2
508 1773 520 1787 «
541 1763 686 1795 Qualitate
701 1774 728 1789 ι).
749 1764 869 1792 Gratian.
897 1766 930 1792 ad
960 1769 1027 1793 orat.
1059 1772 1176 1795 context.

434 1807 524 1826 minus
539 1803 610 1834 apte.

469 1838 485 1866 3
504 1839 556 1866 Sic.
578 1843 602 1866 et
620 1840 680 1866 cod.
707 1840 770 1868 3791
805 1849 864 1868 cum
883 1840 966 1875 1341&
988 1845 1015 1869 at
1037 1843 1122 1870 Labb.
1144 1845 1176 1871 ad

435 1882 531 1910 marg„
553 1879 579 1902 et
597 1875 670 1903 Grat.
692 1877 844 1911 exemplar
862 1885 914 1905 nos
929 1878 1057 1906 instruit.

468 1917 486 1942 4
508 1926 521 1940 «
538 1916 611 1949 Quia
627 1918 694 1944 dum
709 1920 777 1944 sunl
791 1917 907 1952 Anyeli,
924 1921 948 1946 el
962 1922 1029 1945 sunt
1044 1919 1176 1948 Archim-

433 1951 527 1986 9el2'».
548 1951 622 1978 Grai..

469 1991 486 2019 5
503 2001 513 2017 ‹
527 1991 604 2020 Huic
614 2000 642 2019 se
654 1992 775 2021 libenter
783 1992 967 2028 dispositioni
978 1994 1174 2022 submitteret»

434 2031 484 2059 Cit.
506 2031 566 2059 cod.
587 2032 667 2061 1344.

469 2073 486 2099 6
511 2072 595 2100 Labb.
621 2073 654 2100 ad
675 2081 760 2110 marg.
782 2082 843 2102 cum
869 2074 914 2102 cit.
942 2074 1001 2102 cod.
1023 2075 1088 2103 3791
1113 2085 1177 2104 sane

434 2113 467 2141 ad
484 2117 552 2141 orat.
570 2117 644 2141 recte
659 2114 736 2141 Hinc
751 2114 824 2142 enim
841 2123 910 2150 pane.

470 2154 484 2181 7
506 2154 572 2181 Cod.
595 2154 640 2181 cit.
659 2154 727 2181 1844
743 2155 761 2181 f.
779 2162 936 2182 amanuens.
955 2155 1018 2183 vitio
1034 2157 1175 2183 omittam

469 2195 485 2221 8
503 2194 579 2222 Tunc
594 2202 736 2230 perperam
750 2194 827 2222 deest
842 2195 867 2222 in
879 2195 939 2223 cod.
954 2196 1034 2224 134t.

468 2236 484 2261 9
505 2235 578 2267 Quae
600 2239 726 2271 sequunt.
748 2244 832 2272 usque
851 2236 884 2263 ad
902 2236 977 2263 verb.
995 2239 1104 2272 referre
1120 2247 1175 2265 non

434 2279 537 2303 cessent
558 2275 692 2302 habentur
715 2276 739 2302 iu
762 2285 803 2311 cp.
821 2283 858 2304 Lu
879 2276 1014 2304 Hormisd.
1037 2286 1096 2314 pag.
1127 2279 1176 2305 4⁶28

435 2315 459 2341 h.
478 2315 530 2342 vol.

471 2357 503 2382 10
523 2367 534 2379 κ
550 2356 660 2383 Fracta
675 2366 686 2380 ι)
712 2356 796 2384 Labb.
815 2358 849 2384 ad
871 2365 954 2392 marg.
972 2374 1006 2377 —
1021 2357 1084 2384 Cod.
1107 2358 1171 2386 3791

434 2397 533 2428 fructu
553 2396 723 2424 redderetur
734 2397 866 2430 extorris,
886 2405 1026 2432 perperam
1043 2399 1075 2424 ad
1093 2398 1173 2425 locut.

435 2439 564 2466 context.;
581 2443 630 2462 vox
647 2436 718 2462 onim
738 2436 903 2464 redderetur
917 2445 1009 2471 super.
1028 2437 1110 2464 verbo
1125 2447 1174 2464 no-

436 2475 528 2502 lumus
556 2475 667 2503 minime
692 2475 854 2511 respondet:
883 2477 1049 2503 nolumus...
1075 2480 1174 2511 fructu

435 2515 605 2542 redderetur
624 2516 759 2543 emtor-ris.

472 2557 499 2583 11
515 2555 559 2583 Sic
569 2554 647 2583 etcit.
657 2554 715 2583 cod.
725 2554 789 2583 3791
803 2555 1173 2592 «Constantinopotilanam

434 2594 531 2631 legitur
547 2595 616 2631 apud
633 2594 766 2624 llormisd·
781 2607 804 2623 ›>.
825 2595 908 2624 Lahb.
926 2595 959 2624 ad
976 2605 1060 2634 marg.

1213 250 1248 277 ut
1267 244 1308 277 ad
1326 244 1534 280 dilectionem
1556 250 1643 280 tuam
1662 247 1790 291 plenius
1810 249 1954 292 perfecte

1213 297 1369 339 gaudium
1390 299 1583 342 perveniret,
1603 299 1704 333 libelli
1716 301 1831 334 Eulalii
1848 302 1954 335 fratris

1214 355 1244 383 ct
1282 352 1524 386 consacerdotis
1558 352 1661 386 nostri
1698 352 1955 396 Carthaginensis

1214 403 1358 448 episcopi
1379 403 1418 445 ¹²,
1451 411 1483 438 et
1509 405 1679 439 Iustiniani
1714 406 1955 440 clementissimi

1212 457 1368 502 principis
1389 458 1528 493 Orientis
1551 459 1749 493 sacrarum¹3
1761 459 1956 504 exemplaria

1213 511 1412 545 credidimus
1425 512 1616 546 destinanda
1629 511 1659 554 ¹⁴,
1679 513 1858 547 indicantes
1871 513 1956 546 nihi-

1213 564 1355 598 lominus
1368 566 1576 609 pcrssrientis
1585 572 1695 610 partes
1714 566 1874 611 plurimos
1886 567 1956 611 epi-

1212 629 1328 662 scopos
1348 618 1394 652 sic
1414 619 1538 652 fecisse.
1566 620 1738 664 Superest,
1771 625 1806 653 ut
1825 631 1844 653 a
1863 620 1957 653 nobis

1212 672 1484 706 contendentibus
1498 672 1518 689 ¹⁷·
1537 673 1688 716 precibus
1707 673 1860 707 Divinitas
1883 684 1957 707 exo-

1212 730 1282 758 rata
1302 726 1469 766 concedat,
1493 732 1653 770 quatenus
1673 727 1712 760 de
1727 726 1861 760 aliarum
1877 738 1957 771 quo-

1212 791 1276 825 que
1289 779 1500 814 ecclesiarum
1525 779 1800 823 redintegratione
1817 781 1957 824 gratule-

1212 846 1295 870 mur.
1310 835 1354 869 Ea
1364 845 1452 876 vero,
1466 845 1549 878 quae
1562 834 1746 878 significare
1757 835 1953 877 curavimus,

1212 889 1244 922 in
1276 899 1389 922 corum
1414 888 1644 929 sacerdotum,
1680 888 1734 932 qui
1763 889 1957 923 fraternitati

1213 949 1286 977 tuae
1308 942 1404 975 vicini
1429 947 1521 983 sunt,
1549 935 1679 976 curabis
1697 943 1845 986 perferre
1864 943 1953 977 noti-

1212 995 1301 1036 tiam,
1318 1001 1353 1029 ut
1366 1002 1397 1029 et
1410 995 1470 1040 ipsi
1485 996 1524 1029 de
1538 995 1655 1029 affectu
1665 994 1685 1012 ¹⁰
1699 1000 1805 1029 tantae
1819 996 1864 1030 rei
1876 1007 1953 1039 gra-

1213 1049 1271 1083 tias
1290 1049 1459 1083 nobiscum
1475 1048 1622 1083 coelestis
1640 1049 1882 1083 misericordiae
1895 1050 1953 1084 be-

1212 1103 1337 1136 neficiis
1361 1103 1485 1136 referre
1515 1112 1581 1136 non
1601 1107 1736 1136 cessent.
1766 1101 1918 1137 Aurelius
1938 1103 1958 1121 ¹⁷

1213 1156 1310 1196 enim,
1327 1156 1489 1200 praefatae
1516 1155 1776 1198 Carthaginensis
1801 1155 1956 1190 ecclesiae
1970 1163 2072 1212 Effgggttg
2085 1164 2157 1214 ⁰²52,-

1213 1209 1289 1242 olim
1309 1209 1491 1253 episcopus,
1516 1219 1588 1242 cum
1619 1208 1751 1252 collegis
1768 1209 1833 1243 suis
1859 1209 1954 1244 insti·
1971 1196 2015 1239 ai'a.
2051 1197 2064 1218 Ρ
2093 1197 2106 1219 ¹³

1212 1268 1307 1305 gante
1321 1261 1451 1295 diabolo
1466 1261 1634 1305 superbire
1653 1262 1853 1307 temporibus
1864 1273 1958 1307 prae-

1212 1316 1418 1349 decessorum
1456 1321 1644 1349 nostrorum
1675 1315 1829 1350 Bonifacii
1860 1322 1957 1360 atque

1212 1368 1382 1402 Caelestini
1417 1374 1531 1402 contra
1562 1369 1743 1402 Romanam
1779 1369 1955 1403 Ecclesiam

1213 1422 1338 1466 coepit;
1362 1423 1418 1456 sed
1442 1422 1566 1464 videns,
1589 1432 1623 1456 se
1641 1423 1738 1456 modo
1759 1423 1924 1468 peccantis
1934 1422 1957 1440 ¹⁸

1212 1475 1334 1509 Aurelii
1366 1475 1508 1509 Eulalius
1543 1486 1560 1509 a
1595 1476 1759 1510 Romanae
1794 1476 1955 1510 Ecclesiae
1969 1482 2155 1533 cesffigtgimffg

1212 1529 1444 1563 communione
1479 1535 1685 1572 segregatum
1704 1529 1745 1570 ¹⁹,
1779 1529 1955 1563 humilians
1968 1537 2101 1564 striscentta-

1213 1581 1400 1624 recognovit
1416 1592 1449 1615 se
1462 1580 1495 1623 ²⁰,
1512 1593 1626 1626 pacem
1641 1588 1672 1615 et
1689 1582 1953 1616 communionem

1249 1688 1281 1716 12
1300 1688 1350 1716 Cit.
1368 1688 1446 1716 codd.
1466 1689 1606 1717 nobiscum
1622 1689 1706 1725 legg.;
1720 1697 1811 1717 verum
1824 1689 1908 1717 Labb.
1921 1689 1955 1718 ad

1213 1742 1296 1770 marg.
1314 1737 1410 1761 notat«
1424 1734 1548 1770 Episcopi
1564 1734 1628 1766 GP„
1644 1739 1671 1761 et
1687 1734 1780 1762 tustini
1791 1734 1874 1762 habet
1885 1734 1954 1762 Hor-

1213 1779 1308 1810 misda,
1325 1787 1357 1806 ex
1372 1788 1426 1814 quo
1444 1780 1483 1807 vel
1500 1779 1615 1807 maxime
1631 1783 1706 1816 patet
1720 1780 1794 1808 fraus
1807 1780 1956 1816 interpola-

1213 1823 1279 1850 toris
1297 1823 1440 1851 ridiculi».
1468 1824 1576 1852 Iustim'
1594 1825 1687 1860 legunt
1706 1825 1786 1852 etiam
1807 1833 1853 1852 nn.
1875 1825 1954 1853 codd.

1250 1870 1280 1895 13
1300 1869 1471 1898 Literarum
1487 1868 1595 1897 additur
1610 1869 1683 1906 apud
1699 1869 1834 1898 Hormisd.

1252 1914 1281 1940 14
1302 1913 1365 1940 Citt.
1377 1913 1455 1941 codd.
1468 1917 1541 1942 recte
1554 1913 1663 1950 quidem
1677 1922 1828 1943 sacrarum
1843 1914 1955 1943 littera-

1213 1966 1278 1985 rum
1291 1958 1475 1993 eoeemplarz'a
1486 1959 1603 1993 pariter
1616 1959 1761 1986 credimus
1773 1959 1953 1987 destinanda.

1249 2002 1281 2029 15
1301 2001 1349 2029 lid.
1372 2010 1424 2030 non
1448 2002 1540 2038 inepte
1565 2003 1788 2038 competentibus
1805 2003 1952 2040 precibus,

1212 2046 1281 2073 sicut
1297 2049 1323 2073 et
1338 2046 1437 2082 legitur
1450 2046 1521 2082 apud
1538 2047 1674 2074 Hormisd.

1248 2090 1280 2117 16
1300 2091 1345 2117 Sic
1365 2091 1431 2126 legit
1446 2091 1542 2124 Labie„
1559 2096 1586 2118 et
1601 2100 1700 2119 sensus
1719 2096 1760 2119 est
1778 2093 1890 2127 qratias
1910 2102 1954 2121 re-

1211 2137 1286 2170 ferre
1301 2135 1334 2162 de
1348 2136 1454 2168 affectu,
1467 2136 1571 2163 scilicet
1586 2145 1616 2164 ex
1632 2137 1722 2164 corde.
1735 2137 1788 2164 Sed
1803 2138 1857 2174 tegi
1872 2138 1954 2165 etiam

1211 2185 1300 2215 posset
1312 2181 1344 2208 tle
1355 2182 1452 2216 effectu
1466 2184 1562 2209 tantae
1577 2182 1622 2209 rei
1635 2182 1780 2216 yrutias...
1797 2184 1953 2218 referre...,

1211 2229 1234 2249 et
1253 2233 1345 2252 revera
1361 2225 1400 2251 sic
1416 2225 1516 2261 legitur
1531 2226 1555 2252 in
1573 2226 1618 2253 cit.
1635 2234 1678 2262 ep.
1698 2226 1868 2255 Hormisdae.

1250 2270 1279 2296 17
1299 2270 1373 2301 Quod
1397 2269 1438 2296 liic
1459 2270 1585 2297 subditur
1596 2271 1741 2305 gratuitum
1754 2280 1813 2299 esse
1833 2272 1952 2308 figment.

1210 2311 1268 2337 Sev.
1291 2310 1382 2337 Biuius
1395 2332 1401 2341 ,
1422 2311 1521 2346 aliique
1548 2319 1602 2339 non
1622 2311 1700 2347 pauci
1721 2311 1820 2340 invicte
1839 2312 1952 2341 demon·-

1210 2354 1313 2384 strant3
1335 2351 1407 2379 unde
1427 2352 1523 2385 magis,
1547 2351 1686 2388 magisque
1706 2353 1866 2380 confirmant
1885 2353 1953 2381 hanc

1209 2401 1253 2427 ep.
1275 2399 1335 2418 esse
1355 2391 1546 2428 apocrypham.

1246 2437 1277 2462 18
1299 2435 1381 2462 Labb.
1396 2435 1427 2462 ad
1444 2436 1523 2464 locut.
1538 2436 1636 2473 aptius,
1649 2436 1682 2464 ad
1698 2445 1781 2473 marg.
1799 2445 1878 2465 more
1888 2445 1953 2472 pec-

1209 2472 1308 2499 canti-s.

1246 2516 1277 2543 19
1301 2527 1312 2539 «
1324 2516 1500 2551 Separatum
1515 2526 1526 2543 ι
1545 2516 1609 2544 Cod.
1626 2517 1704 2544 1344.

1242 2560 1276 2587 20
1295 2559 1380 2587 Labb.
1406 2560 1440 2587 ad
1465 2568 1548 2595 marg.
1570 2569 1599 2588 se
1621 2568 1764 2596 peccasse,
1780 2569 1883 2596 pacem
1904 2562 1950 2589 cit.

1206 2598 1265 2627 cod.
1283 2598 1348 2628 3791
1371 2599 1516 2635 refragant.
