2244 3183
246 209 297 235 Λη.
314 208 342 235 C.
360 208 410 236 483

287 803 342 823 reti—1
358 810 430 829 impie·

247 832 310 851 tamn
320 834 430 851 execratur

475 198 539 232 9:30

963 208 1124 233 APPENDIX
1143 209 1294 234 BULLARII
1314 210 1434 235 ROMANI

444 258 601 301 reliquas,
635 257 677 290 ita
702 262 731 290 et
752 257 941 298 angelorum
963 256 1091 289 laudem
1113 267 1188 300 per·
1203 257 1206 309 1
1221 258 1353 301 prodiit,
1376 259 1554 292 secundum
1580 270 1676 303 quam
1694 260 1789 294 etiam
1810 260 1960 295 sustinuit

444 317 568 344 vertere
578 310 838 354 praesumpsisti?
846 310 920 349 Quis
929 310 1026 351 igitur
1035 310 1066 342 in
1076 310 1188 344 huius-

444 365 531 397 modi
557 374 621 397 non
643 363 852 405 ingemiscat?
873 364 948 402 Quis
976 374 1041 396 non
1063 364 1186 397 lamen-

444 418 552 450 tetur‘?
574 417 649 456 Quis
667 417 760 450 dolor
772 416 885 450 similis
900 416 1090 457 invenietur,
1107 417 1188 450 sicut

444 471 538 503 dolor
557 470 718 504 Ecclesiae
736 470 863 503 Domini
885 476 917 503 et
936 470 1110 504 Salvatoris
1128 481 1186 504 no-

443 525 500 557 stri
521 524 662 558 Christi‘?
684 524 841 568 Conspice
860 530 888 557 te
906 524 1129 564 constitutum,
1153 530 1186 557 ut

443 577 485 611 sis
506 578 615 610 lumen
636 577 702 617 his,
726 579 786 621 qui
810 578 844 610 in
875 578 1014 610 tenebris
1040 582 1128 616 sunt,
1160 582 1188 610 et

444 630 592 663 eruditor
609 631 837 674 insipientium
854 629 882 669 ¹,·
898 630 963 663 imo
984 630 1188 674 insipientiae

445 689 637 728 praeceptor
663 695 707 723 es,
735 684 837 717 lucem
860 684 892 717 in
917 684 1065 717 tenebras
1085 689 1188 716 trans-

446 738 559 771 ferens.
588 737 665 770 Vide
691 748 708 770 a
738 744 766 770 te
791 738 927 781 populos
947 737 1046 770 semel
1067 737 1188 769 illumi-

445 796 548 831 natos,
576 791 630 835 qui
648 791 732 824 bona
753 796 960 833 gustaverunt
978 791 1033 823 Dei
1054 791 1150 824 verba
1163 790 1184 830 ²,

445 844 500 878 Dei
526 844 688 883 mandata,
719 844 773 878 Dei
798 844 996 888 prophetias,
1018 844 1187 888 praedica-

449 897 551 930 tiones
582 897 656 938 Dei,
693 897 884 941 apostolicas
923 897 1187 941 evangelicasque

446 951 619 991 doctrinas,
644 951 700 985 abs
722 957 750 984 te
771 950 908 995 perverti
930 951 1042 993 magis,
1067 961 1102 984 ac
1124 951 1184 984 do-

446 1004 511 1037 ceri
532 1015 597 1038 non
615 1006 719 1038 solum
741 1004 930 1047 crucifigere
951 1004 1052 1038 filium
1074 1005 1140 1045 Dei,
1157 1010 1188 1038 et

445 1059 584 1092 ostentui
605 1059 735 1098 habere,
759 1069 869 1092 verum
890 1064 918 1092 et
940 1059 1100 1092 contraria
1117 1070 1188 1093 sen-

447 1113 507 1145 tire
527 1112 700 1157 Scripturis
711 1112 835 1153 divinis,
857 1119 887 1146 ct
906 1118 1000 1156 pacta
1013 1113 1184 1156 abnegare,

446 1176 529 1209 quae
546 1167 734 1199 aecedentes
747 1167 787 1199 ad
807 1171 953 1199 sanctum
974 1166 1134 1210 baptisma
1146 1168 1188 1200 fe-

446 1224 571 1252 cerunt.
592 1220 671 1252 Nam
685 1230 758 1252 cum
773 1229 882 1252 coram
897 1220 1088 1253 coelestibus
1101 1220 1112 1236 ⁸
1125 1219 1187 1252 vir-

447 1273 568 1306 tutibus
589 1273 750 1313 omnibus,
771 1283 879 1306 coram
894 1273 1078 1317 apostolicis
1095 1284 1189 1306 evan-

446 1326 622 1370 gelicisque
650 1326 828 1367 ordinibus,
860 1327 960 1360 sancti
988 1327 1189 1371 baptismatis

446 1386 593 1424 tempore
625 1380 831 1424 promiserint
864 1381 996 1414 credere
1028 1381 1061 1414 in
1086 1392 1188 1415 unum

445 1434 546 1467 Deum
571 1434 843 1478 omnipotentem,
873 1445 959 1467 nunc
980 1434 1051 1468 illos
1073 1434 1105 1467 in
1126 1441 1189 1469 tres

447 1488 524 1520 deos
541 1487 673 1520 credere
695 1487 843 1521 docuisti.
868 1488 1018 1529 Rursum,
1036 1500 1107 1522 cum
1120 1490 1189 1533 pol-

447 1540 525 1573 liciti
546 1540 609 1574 sint
629 1541 761 1574 credere
774 1541 807 1574 in
827 1552 928 1575 unum
949 1543 1121 1576 Dominum
1136 1544 1186 1577 Ie-

446 1605 517 1627 sum
537 1594 696 1628 Christum
717 1595 833 1628 Filium
851 1596 906 1629 Dei
925 1596 1139 1636 incarnatum,
1160 1603 1191 1630 et

446 1647 611 1681 hominem
639 1649 756 1682 sactum
772 1649 810 1683 de
823 1649 944 1693 Spiritu
957 1650 1073 1683 Sancto
1087 1656 1117 1684 et
1128 1651 1191 1684 Ma-

446 1701 493 1734 ria
515 1701 664 1744 Virgine,
690 1708 725 1735 tu
750 1713 804 1736 eos
829 1703 925 1736 doces
944 1714 985 1736 ne
1006 1703 1111 1737 dicant
1131 1704 1191 1737 Do-

447 1754 571 1787 minum
593 1756 697 1788 lesum
718 1755 878 1789 Christum
902 1755 1018 1789 Filium
1039 1756 1093 1790 Dei
1112 1767 1187 1790 cru-

448 1819 516 1841 cem
538 1819 727 1853 perpessum
749 1820 828 1851 esse,
851 1809 906 1853 qui
923 1810 1005 1843 Deus
1017 1816 1191 1844 estsecun-

448 1862 523 1894 dum
533 1862 763 1906 sempiternam
773 1863 1043 1907 etimpassibilem
1053 1874 1088 1897 ex
1098 1864 1191 1898 Patre

448 1915 710 1957 generationem,
734 1922 765 1949 et
785 1916 869 1950 idem
897 1917 994 1950 homo
1012 1919 1189 1952 secundum

448 1979 531 2009 eam,
553 1979 617 2012 qua
637 1969 669 2002 in
689 1969 871 2003 novissimis
899 1971 1012 2004 diebus
1033 1981 1070 2004 ex
1091 1977 1192 2005 matre

447 2092 544 2128 Synodi
565 2093 592 2120 C.
624 2093 652 2120 Ρ.
674 2094 872 2127 confirmatum⁷
897 2094 970 2130 quod
993 2098 1019 2122 et
1047 2096 1191 2123 Marcellus

448 2137 530 2164 refert
541 2138 567 2164 in
577 2138 669 2165 chron.
684 2138 795 2174 Niceph.
808 2139 854 2166 lib.
866 2146 920 2173 xlv,
933 2148 990 2175 cap.
1002 2147 1072 2176 xxvt,
1084 2141 1190 2175 accidit,

447 2190 518 2209 anno
534 2182 630 2209 Christi
646 2183 707 2210 446.
724 2183 754 2210 V.
772 2184 863 2219 Migne
884 2188 947 2211 tom.
965 2191 1042 2219 tun,
1064 2185 1115 2212 col.
1141 2186 1192 2214 909

447 2226 480 2254 ad
502 2230 556 2254 not.
578 2236 605 2255 α.

486 2273 496 2298 t
517 2272 592 2300 Rom.
610 2278 637 2305 11,
656 2281 678 2299 v.
704 2273 745 2307 19,
761 2273 805 2307 20,
822 2273 868 2300 uhi
885 2274 955 2309 vulg.
971 2273 1051 2309 legit:
1069 2275 1194 2310 Confidis

450 2319 475 2343 lc
490 2317 586 2351 ipsum
607 2325 663 2344 esse
678 2317 778 2344 ducem
794 2326 956 2351 caecorum,
973 2319 1068 2346 lumen
1083 2328 1192 2352 eorum,

450 2362 503 2396 qui
518 2362 550 2389 in
567 2363 691 2390 tenebris
701 2367 778 2396 sunt,
790 2364 966 2392 eruditorem
981 2365 1192 2399 insipientium.

483 2406 500 2433 ⁶2
518 2406 598 2433 llebr.
616 2415 654 2441 vi,
672 2416 695 2434 v.
712 2408 736 2434 lt.

485 2451 501 2477 3
521 2451 619 2478 Graec.
637 2455 700 2479 text.
722 2452 774 2487 leg.
795 2457 934 2488 χερουβιιων
952 2455 1078 2485 δυναμεων.

487 2495 502 2521 4
525 2504 535 2520 ι
551 2496 593 2522 De
603 2497 715 2523 vanis».
733 2497 809 2524 Cont.
828 2497 917 2524 Const.
933 2498 1006 2525 iuxta
1020 2507 1109 2533 graec.
1123 2507 1194 2526 vers.

451 2550 486 2563 5711
501 2550 550 2568 *rot5
562 2551 681 2572 ματαίοις,

485 2586 502 2612 5
522 2585 604 2612 Matth
637 2594 673 2618 XI,
695 2594 719 2612 v.
743 2586 791 2621 28,
814 2586 859 2614 ubi
879 2587 956 2622 Vulg.
978 2591 1039 2624 post
1057 2588 1196 2616 taboratis

450 2629 526 2657 addit
544 2633 569 2658 el
588 2631 703 2659 onerati
717 2631 793 2659 estis.

1221 311 1422 354 passionem,
1439 313 1493 345 sed
1508 323 1607 345 unum
1623 312 1783 347 Trinitatis
1797 320 1959 348 mortuum

1222 375 1306 405 esse,
1338 365 1393 409 qui
1418 372 1464 398 est
1489 365 1592 409 ipsum
1620 366 1674 399 Dei
1702 367 1853 400 Verbum.
1874 368 1958 401 Con-

1223 418 1294 451 sessi
1319 423 1393 451 sunt
1410 429 1519 451 rursus
1536 418 1689 462 Spiritum
1707 419 1857 453 Sanctum
1878 421 1959 454 vivi-

1222 471 1317 504 ficum
1333 478 1363 504 et
1383 472 1611 512 immortalem,
1633 472 1774 506 dicentes
1786 474 1917 508 credere
1931 474 1963 507 in

1222 525 1376 568 Spiritum
1391 525 1542 558 Sanctum
1556 525 1728 558 Dominum
1750 531 1780 559 et
1802 526 1964 561 vivifican-

1224 583 1303 617 tem:
1336 584 1365 610 ct
1392 578 1560 610 mortalem
1588 589 1655 611 esse
1683 578 1776 622 ponis
1807 579 1962 623 Spiritum

1223 631 1387 671 Sanctum,
1412 642 1482 663 cum
1505 631 1604 664 dicis:
1628 632 1767 665 Sanctus
1792 633 1965 666 immorta-

1224 683 1275 723 lis,
1297 684 1351 728 qui
1370 684 1539 718 crucifixus
1552 695 1583 717 es
1596 695 1656 728 pro
1670 686 1771 718 nobis.
1787 686 1884 728 Fuge,
1908 687 1964 719 oh-

1222 747 1324 776 secro,
1336 737 1520 770 huiusmodi
1539 748 1695 771 errorem.
1713 738 1883 779 Corruisti;
1898 740 1963 773 noli

1223 789 1253 821 in
1267 789 1361 822 ruina
1374 790 1556 833 persistere.
1573 791 1730 832 peccasti,
1748 791 1811 824 iam
1828 802 1964 835 peccare

1222 843 1299 877 noli.
1323 844 1474 888 Expectat
1495 850 1525 878 te
1542 850 1651 878 sancta
1670 845 1724 878 Dei
1738 846 1889 885 Ecclesia,
1902 858 1960 880 cu-

1222 897 1268 941 pit
1288 898 1439 941 amplecti
1459 898 1676 942 poenitentem
1699 898 1731 931 in
1752 899 1862 932 vanis⁴
1882 910 1962 943 pro-

1221 952 1435 995 positionibus
1452 952 1525 993 tuis,
1546 958 1575 986 et
1589 963 1698 986 secum
1717 953 1756 986 de
1773 953 1896 987 Christo
1910 953 1961 987 di-

1222 1006 1293 1038 vina
1303 1005 1555 1049 praedicantem,
1568 1017 1673 1050 neque
1682 1012 1852 1049 negantem
1865 1006 1964 1051 ipsius

1222 1059 1396 1092 animatam
1405 1059 1670 1101 incarnationem,
1681 1061 1856 1094 seeundum
1865 1071 1962 1104 quam

1223 1112 1317 1145 etiam
1337 1123 1447 1156 passus
1468 1123 1536 1146 esse
1556 1118 1765 1151 memoratur,
1782 1113 1965 1158 clamatque

1223 1166 1279 1199 tihi
1300 1177 1358 1210 per
1385 1177 1458 1200 nos:
1487 1167 1597 1200 Venite
1624 1167 1667 1199 ad
1690 1177 1740 1200 me
1764 1178 1882 1208 omnes,
1906 1169 1966 1211 qui

1224 1219 1392 1260 laborati&
1415 1224 1443 1253 et
1461 1231 1515 1263 eqo
1535 1220 1680 1262 reficiam
1696 1221 1779 1253 vos?
1803 1220 1877 1253 Non
1895 1221 1966 1254 vult

1222 1272 1318 1313 Deus,
1351 1273 1448 1306 frater
1473 1273 1648 1314 carissime,
1676 1277 1810 1306 mortem
1824 1278 1967 1318 peecato-

1222 1326 1280 1367 νίς,
1302 1326 1357 1358 secl
1374 1330 1411 1359 ut
1431 1330 1636 1359 convertatur
1653 1331 1681 1359 et
1701 1327 1824 1360 vivat&
1845 1327 1967 1360 Memor

1223 1384 1297 1421 esto,
1316 1381 1424 1413 Iesum
1444 1381 1611 1415 Christum
1624 1381 1839 1414 resurrem'sse
1851 1391 1871 1414 α
1883 1392 1970 1414 mor-

1226 1435 1289 1467 tuis
1319 1434 1498 1467 secundum
1525 1435 1743 1478 Eranyelium
1763 1435 1782 1468 ⁷.
1806 1435 1966 1468 Memento

1223 1488 1308 1521 beati
1329 1488 1477 1522 Matthaei
1499 1489 1686 1522 scribentis:
1708 1489 1805 1522 Liber
1824 1499 1963 1532 qenero-

1226 1542 1323 1575 tionis
1336 1542 1411 1575 Iesu
1431 1542 1556 1576 Christi
1571 1542 1637 1585 filii
1653 1542 1770 1581 David,
1784 1542 1850 1585 filii
1861 1542 1968 1576 Abra—

1226 1595 1303 1628 ham
1327 1595 1347 1627 ³.
1378 1595 1561 1629 Recordare
1585 1595 1662 1639 quid
1681 1596 1800 1629 Paulus
1824 1595 1963 1628 scribat:

1225 1649 1418 1692 δίζω-θρωπε
1429 1650 1465 1682 in
1477 1645 1695 1692 Eranyelium
1704 1649 1776 1689 Dei,
1796 1649 1883 1693 quod
1898 1660 1968 1693 pro-

1226 1703 1358 1735 miserat
1378 1703 1445 1746 ipse
1460 1703 1546 1736 Deus
1558 1703 1595 1736 in
1608 1702 1787 1746 Scrz'pturis
1799 1703 1919 1736 sanctis
1932 1703 1970 1735 de

1225 1756 1314 1789 Filio
1334 1767 1401 1797 sno,
1426 1757 1484 1800 qui
1503 1758 1608 1799 suctus
1621 1761 1665 1789 est
1678 1757 1707 1789 ei
1720 1767 1758 1789 ex
1771 1756 1892 1789 semine
1905 1757 1970 1789 Da-

1224 1809 1280 1842 vid
1298 1809 1476 1842 secmnlmn
1496 1820 1637 1849 comem,
1665 1810 1725 1853 qui
1744 1809 1969 1853 praedestina-

1228 1867 1277 1895 tus
1291 1867 1335 1895 es!
1355 1863 1466 1895 Filius
1483 1863 1543 1895 Dei
1555 1863 1576 1895 ⁹.
1596 1862 1754 1896 Memento
1769 1862 1864 1896 etiam
1878 1863 1970 1896 Ioan-

1226 1915 1275 1947 nis
1296 1915 1476 1948 clamantis:
1498 1916 1714 1959 Inprincipz'o
1730 1920 1798 1948 era!
1817 1916 1966 1955 Verbum,

1226 1973 1254 2002 et
1270 1969 1408 2001 Verbum
1421 1973 1490 2001 erat
1506 1969 1595 2012 apud
1610 1969 1714 2002 Deum
1728 1968 1760 2009 ¹⁰,
1779 1969 1860 2002 sicut
1873 1968 1968 2002 etiam

1261 2093 1277 2119 6
1302 2091 1436 2119 Ezechiel.
1459 2100 1540 2125 xviii,
1561 2100 1585 2118 v.
1608 2092 1660 2125 ⁹23,
1681 2091 1727 2118 ubi
1747 2092 1818 2127 apud
1834 2092 1912 2128 Vulg.
1934 2092 1971 2119 ita

1225 2141 1338 2177 legitur:
1365 2142 1515 2176 Numquid
1542 2141 1699 2169 voluntatis
1723 2149 1803 2169 meae
1826 2144 1866 2169 esc
1895 2150 1971 2169 mors·

1226 2191 1378 2226 impii....‚
1400 2193 1425 2217 el
1440 2187 1499 2217 non¹
1512 2194 1541 2217 nl
1557 2193 1740 2218 convertatur
1754 2199 1771 2218 α
1785 2191 1842 2218 viis
1855 2191 1928 2224 suis,
1944 2194 1971 2218 cl

1227 2240 1326 2269 vivat?

1263 2291 1277 2317 7
1296 2290 1317 2317 11
1333 2291 1403 2318 Tim.
1421 2299 1452 2324 11,
1467 2299 1491 2316 v.
1505 2291 1531 2325 8,
1543 2289 1679 2325 uhiVulg.
1697 2289 1786 2323 legit:
1809 2297 1846 2315 es
1860 2289 1970 2316 semine

1229 2340 1325 2368 David
1340 2340 1497 2366 secundum
1512 2339 1703 2374 Eranyelium
1719 2347 1826 2366 meum.

1264 2390 1279 2415 ὅ
1294 2388 1386 2415 Manli.
1405 2397 1424 2422 1,
1440 2397 1466 2415 v,
1486 2389 1512 2415 1.

1263 2439 1278 2465 0
1295 2438 1370 2465 Rom.
1389 2447 1407 2472 t,
1432 2447 1456 2464 v.
1471 2439 1495 2472 l,
1520 2437 1545 2464 2.
1568 2436 1644 2472 Apud
1664 2436 1750 2464 Caras.
1772 2436 1866 2471 Epist.
1883 2436 1968 2463 Rom.

1229 2488 1338 2522 Pontis.
1357 2490 1417 2522 post
1432 2487 1619 2522 Evanyelium
1635 2486 1712 2513 deest
1723 2486 1777 2513 Dei
1788 2488 1881 2512 contra
1891 2485 1970 2520 Vulg.

1229 2540 1340 2571 textum,
1353 2545 1422 2572 quae
1437 2536 1610 2572 prosequitur
1625 2535 1701 2570 quod
1715 2538 1782 2562 ante
1792 2534 1971 2569 promiserat

1229 2587 1287 2622 ipse
1302 2587 1390 2613 Deus.

1267 2631 1299 2658 10
1313 2631 1406 2659 Ioann.
1429 2638 1448 2665 1,
1466 2639 1490 2657 v.
1512 2631 1536 2657 1.

1502 2675 1519 2689 a

1993 214 2042 242 An.
2059 215 2088 242 C.
2107 214 2158 242 483

2016 703 2110 728 Eumque
2126 702 2161 722 ot·-

1980 732 2056 752 ΔιἰςιἮΙ,
2073 732 2094 749 ut
2111 735 2161 749 rem-
2211 738 2215 740 *
2234 728 2235 734 ¹

1979 758 2056 783 piscat.
2234 752 2235 763 ¹
