2244 3183
232 251 281 278 An.
299 250 329 277 C.
346 249 397 277 449

268 577 333 602 Quam
350 579 370 598 et
384 576 416 597 Ni-

234 611 300 624 u-acrm
326 604 417 630 synodus

236 632 313 651 munliu
343 631 416 651 contir-

235 660 306 677 inavit.

293 842 417 869 Eutychiani

235 875 274 890 non
282 876 343 890 secus
353 871 417 894 atque

234 897 353 917 Nestorium
382 895 417 915 da-

235 926 340 944 ninantur.

261 1163 331 1186 Instat,
339 1164 359 1182 ut
369 1167 418 1183 con-

235 1190 304 1210 cilium
321 1195 340 1209 uu
358 1190 418 1210 ltalia

236 1217 347 1237 habeatur.

461 240 502 273 58

430 299 505 333 teris
534 297 662 337 meis¹,
692 306 770 341 quas
795 295 995 329 elementiam
1028 301 1164 330 vestram

430 352 617 385 iamdudum
635 363 690 396 per
704 350 858 384 famulum
879 355 1015 383 vestrum
1038 349 1172 393 Epipha-

430 405 518 438 nium
541 404 717 444 tribunum,
737 403 790 447 qui
809 414 865 446 pro
890 402 948 434 hac
968 412 1078 435 caussa
1099 401 1173 435 mis-

431 469 483 492 sus
514 464 582 498 est,
613 458 751 490 arbitror
782 456 960 500 accepisse,
996 461 1191 489 reseratum*

432 517 479 544 est
494 511 521 543 ²:
545 521 604 543 nec
624 510 741 553 ambigi
758 515 872 554 potest,
899 509 960 543 hoc
984 520 1042 543 nos
1059 510 1169 554 puris-

432 565 509 597 sime
538 563 689 601 credere,
717 565 777 597 lioc
802 568 983 597 constanter
1007 574 1146 597 asserere
1162 592 1169 605 ,

432 617 517 661 quod
545 617 640 650 etiam
667 616 834 650 venerandi
856 622 978 660 patres,
1010 616 1171 660 quondam

432 671 516 713 apud
541 670 687 704 Nicaeam
718 671 913 714 congregati,
938 670 1118 704 secundum
1138 663 1191 702 fid

433 725 503 757 dem
524 724 664 769 Symboli
683 724 879 757 credendum
900 730 928 757 et
954 724 1171 757 confitendum

433 777 644 810 sacratissima
676 777 865 810 auctoritate
896 783 1078 810 sanxerunt.
1112 778 1173 811 Nos

433 831 529 872 enim,
548 831 737 865 venerabilis
754 831 934 874 imperator,
963 830 1044 864 sicut
1059 831 1170 864 Nesto--

433 883 471 917 rii
489 883 604 928 dogma
622 894 803 928 perversum
825 883 937 917 merito
966 885 1174 918 anathemati-

432 938 591 977 zavimus;
618 937 659 970 ita
678 936 759 970 iuste
780 937 875 970 etiam
896 938 1011 970 horum
1029 937 1174 981 impieta-

435 996 508 1030 tem,
534 991 587 1034 qui
606 990 769 1024 veritatem
796 991 899 1023 carnis
916 997 1043 1024 nostrae
1059 997 1174 1034 negant

433 1054 450 1076 a
464 1044 600 1077 Domino
613 1049 721 1077 nostro
737 1044 747 1060 ³
760 1044 829 1076 lesu
850 1043 974 1077 Christo
995 1050 1173 1087 susceptam

434 1107 514 1137 esse,
536 1097 740 1137 damnamus,
756 1097 994 1140 gloriosissime.
1021 1097 1123 1138 Unde,
1150 1098 1173 1130 si

434 1152 533 1194 pietas
550 1157 652 1184 vestra
676 1151 870 1194 suggestioni
893 1162 928 1185 ae
952 1151 1173 1195 supplicationi

434 1210 561 1237 nostrae
578 1205 730 1248 di'gnetur
746 1214 884 1238 annuere
902 1211 934 1237 ut
956 1205 1037 1237 intra
1054 1205 1173 1237 Italiam
1193 1212 1194 1217 ¹

434 1257 542 1291 haberi
557 1257 690 1291 iubeatis
705 1258 883 1302 episcopale
900 1257 1082 1298 concilium,
1099 1257 1173 1297 cito,

434 1311 603 1345 auxiliante
620 1312 697 1351 Deo⁷
717 1317 867 1355 poterunt
891 1312 998 1344 omnia
1015 1311 1173 1351 seandala,

435 1375 516 1407 quae
542 1364 573 1396 in
598 1364 871 1408 perturbationem
895 1365 990 1398 totius
1015 1364 1174 1397 Ecclesiae

435 1424 508 1451 sunt
528 1424 699 1460 commota,
726 1419 883 1452 resecari:
905 1424 940 1452 ut
963 1430 1019 1462 per
1042 1418 1171 1452 univer-

435 1482 505 1505 sum
524 1482 656 1516 regnum
674 1478 826 1513 vestrum,
843 1472 1018 1506 catholicae
1038 1471 1110 1505 fidei
1129 1471 1175 1504 in·

435 1526 582 1569 tegritate
611 1531 747 1566 servata,
775 1532 805 1559 et
830 1536 940 1569 pacem
971 1525 1175 1559 christianam

436 1590 576 1621 manere,
597 1585 627 1613 et
642 1586 779 1614 vestram
804 1579 887 1623 apud
909 1580 1009 1613 Deum
1034 1589 1176 1613 creseere

435 1632 567 1675 gloriam
588 1633 795 1676 gaudeamus.

479 1686 556 1719 Data
581 1692 691 1720 octavo
719 1686 729 1702 ⁴
760 1686 910 1720 kalendas
948 1686 1113 1720 lanuarias

436 1739 562 1772 Asturio
593 1739 603 1755 ‘³
631 1745 662 1772 et
692 1741 868 1783 Protogene
897 1739 970 1772 viris
996 1739 1176 1773 clarissimis

437 1792 633 1826 consulibus.

471 1846 532 1872 Dat.
549 1845 591 1872 die
611 1845 644 1873 25
665 1845 803 1873 Decembr.
826 1853 869 1873 an.
890 1845 952 1872 429.

1141 1686 1151 1701 h

629 1955 814 1988 EPISTOLA
840 1954 945 1988 XXXV
965 1954 983 1987 ⁷.

440 2017 810 2060 Cons[cmeiuopolitam's
823 2018 1010 2061 qratulalus
1020 2017 1057 2049 de
1067 2027 1177 2049 eorum

480 2064 611 2106 pietate,
623 2063 865 2105 Ezclycliianam
880 2062 1037 2095 haeresim
1048 2062 1087 2094 ab
1099 2061 1176 2093 aliis

475 2161 484 2186 1
504 2159 628 2186 lnnuitS.
641 2159 693 2187 Leo
709 2159 859 2195 epistolam,
876 2168 956 2195 quam
968 2167 1048 2194 supra
1059 2167 1085 2185 n.
1098 2165 1177 2185 xxv111

439 2195 561 2223 dedimus
577 2204 636 2230 pag.
653 2196 697 2229 51,
714 2196 765 2222 col.
781 2196 807 2222 1.

473 2232 489 2257 ⁶2
505 2231 622 2258 Cacciar.
647 2232 718 2265 01111·
740 2232 769 2257 S.
796 2230 898 2257 Leonis
914 2234 980 2265 part.
998 2237 1026 2262 tt,
1047 2238 1106 2266 pag.
1128 2231 1178 2257 tto

441 2274 500 2293 cum
517 2267 582 2293 edit.
599 2270 627 2293 et
642 2266 752 2301 plerisq.
769 2275 832 2292 mss.
849 2269 949 2294 ratum
969 2269 1018 2293 est.

474 2302 490 2328 3
505 2301 623 2328 Cacoiar.
636 2302 654 2328 l.
672 2310 694 2328 c.
712 2306 738 2327 et
753 2305 831 2328 antea
846 2302 916 2336 vulg.
929 2301 1019 2327 delent
1035 2304 1141 2328 nostro.

474 2338 490 2363 Δ,
511 2346 522 2362 «
541 2337 598 2363 Vat.
617 2337 684 2363 1340
703 2336 784 2363 hahet
803 2343 827 2363 lx
849 2337 904 2364 hal.
924 2346 947 2362 n.
967 2336 1084 2363 Cacciar.
1101 2337 1118 2363 Ι.
1141 2345 1163 2363 c.

473 2373 490 2400 5
505 2372 623 2399 Cacciar.
641 2372 657 2398 l.
675 2381 698 2398 e.
718 2381 777 2399 cum
799 2372 862 2398 edit.
882 2372 998 2405 Iuniris;
1019 2375 1045 2398 at
1065 2372 1177 2398 mendo-

439 2415 495 2434 sam
528 2407 596 2434 hanc
620 2408 763 2434 lectionem
788 2407 938 2434 habendam
964 2416 1022 2433 esse
1051 2408 1179 2434 evincunt

439 2443 563 2470 Balleriu.
581 2442 631 2470 col.
646 2444 707 2477 957,
723 2443 798 2478 quib.
815 2443 934 2470 assentit.
952 2442 1017 2469 Jaffe
1033 2451 1076 2477 op.
1094 2451 1117 2470 c.

475 2479 491 2506 6
505 2478 623 2505 Caeciar.
645 2479 663 2504 l.
685 2488 708 2504 e.
728 2479 850 2505 Asteria.

475 2514 488 2539 7
501 2513 536 2540 Ex
545 2513 610 2540 edit.
620 2514 718 2540 Baller.
729 2514 796 2548 Opp.
807 2515 836 2540 S.
847 2514 944 2540 Leonis
954 2517 1017 2540 tom.
1027 2521 1044 2543 ι,
1054 2513 1175 2540 col.975.

475 2549 490 2575 8
506 2549 576 2575 Edit.
587 2552 613 2575 et
623 2549 690 2583 plur.
704 2557 765 2576 mss.
781 2549 881 2576 addunt
892 2552 918 2576 ec
928 2552 1028 2576 sancta
1043 2549 1176 2582 synodus,

441 2593 514 2619 quae
533 2585 566 2612 in
589 2585 657 2611 urbe
672 2585 764 2610 Roma
786 2585 922 2612 convenit.
945 2586 976 2611 At
996 2583 1177 2620 expungenda

441 2620 508 2647 haec
522 2628 581 2646 esse
594 2620 759 2646 contendunt
774 2619 896 2646 Ballerin.
919 2620 936 2646 1.
961 2628 984 2647 c.

475 2656 491 2682 9
508 2665 520 2682 ‹
534 2656 576 2682 Al.
593 2659 747 2692 expungunt
766 2655 798 2683 de
815 2665 838 2682 r.
856 2655 982 2682 Ballerin.
1000 2655 1018 2683 1.
1036 2664 1060 2682 c.

955 247 1114 271 APPENDIX
1134 245 1286 271 BULLAnn
1303 247 1424 272 nomam

1249 297 1384 329 'minime
1403 296 1588 339 deqenerem
1606 296 1735 335 evincit,
1757 306 1869 340 eosque
1889 306 1943 328 ro-

1249 345 1323 382 ῃαΙ,
1353 346 1387 374 ul
1415 340 1597 374 universale
1623 341 1795 373 concilium
1822 340 1943 384 implo-

1249 389 1331 418 rent.

1311 456 1366 483 Leo
1383 457 1542 490 episcopus
1559 456 1571 474 ⁵³
1588 457 1678 489 clero,
1693 457 1848 484 honoratis

1270 504 1300 528 et
1321 501 1403 535 plebi
1425 501 1605 529 consistenti
1626 501 1895 535 Constantinopoli.

1251 563 1323 596 CM).
1344 564 1364 596 l.
1394 564 1477 596 Licet
1502 562 1540 596 de
1565 563 1632 603 liis,
1652 574 1732 606 quae
1757 562 1790 595 in
1813 564 1947 597 concilio

1189 609 1408 653 {sacerdotum
1436 628 1538 660 nuper
1565 616 1649 660 apud
1676 616 1835 659 Ephesum
1861 622 1948 659 gesta

1208 675 1436 707 memmi-antur,
1455 671 1573 702 multus
1592 679 1649 701 nos
1674 679 1802 702 moeror
1819 669 1946 709 afliciat,

1190 734 1191 742 ¹
1208 734 1244 755 eo
1262 723 1359 766 quod,
1380 724 1461 755 sieut
1480 733 1657 756 consonans
1682 723 1766 755 sama
1788 722 1946 766 dispersit,

1208 783 1237 810 et
1268 777 1336 820 ipso
1361 787 1468 809 rerum
1495 781 1692 809 monstratur
1724 775 1861 815 effectu,
1891 786 1949 809 nec

1209 830 1344 863 iustitiae
1375 830 1439 862 illie
1473 829 1674 870 moderatio,
1702 839 1760 862 nec
1791 829 1865 862 fidei
1903 835 1950 863 est

1208 888 1328 916 servata
1349 883 1476 925 religio·⁷
1504 883 1542 915 de
1556 882 1566 898 ⁹
1580 888 1698 916 vestrae
1724 889 1829 916 tamen
1849 882 1946 916 devo-

1209 937 1304 970 tionis
1321 938 1435 980 ple-tate
1457 935 1478 952 ¹⁰
1499 936 1696 979 gaudemus,
1719 942 1749 970 et
1772 936 1803 969 in
1824 943 1950 970 sanctae

1211 990 1310 1033 plebis
1335 990 1630 1031 acclamationibus,
1658 1001 1794 1034 quarum
1827 989 1866 1022 ad
1893 999 1950 1023 nos

1209 1044 1351 1088 exempla
1383 1044 1485 1076 delata
1517 1050 1589 1077 sunt
1608 1071 1614 1083 ‚
1633 1043 1778 1077 omnium
1811 1049 1948 1076 vestrum

1209 1097 1411 1141 probavimus
1429 1098 1594 1138 affectuum
1609 1098 1684 1141 quia
1697 1096 1716 1113 ¹¹
1734 1097 1808 1130 vivit
1825 1108 1861 1130 ac
1879 1107 1950 1141 per-

1210 1157 1315 1184 manet
1330 1151 1413 1194 apud
1432 1162 1488 1183 nos
1512 1151 1594 1184 filios
1611 1151 1722 1194 optimi
1747 1150 1846 1194 patris
1867 1150 1949 1183 iusta

1210 1205 1348 1245 dileetio,
1365 1209 1394 1237 et
1419 1204 1592 1237 catholicae
1615 1203 1779 1237 doetrinae
1798 1203 1820 1220 ¹²
1837 1203 1947 1237 erudi·
1982 1217 1985 1219 ·

1211 1259 1328 1291 tionem
1353 1257 1374 1273 ¹³
1398 1259 1429 1291 in
1458 1259 1545 1291 nulla
1562 1258 1707 1301 patimini
1733 1257 1752 1273 ¹⁴
1776 1263 1864 1301 parte
1881 1268 1950 1291 cor-

1211 1311 1326 1353 rumpi.
1347 1311 1415 1344 Non
1429 1310 1524 1343 dubie
1541 1312 1637 1351 enim,
1654 1310 1734 1343 sicut
1749 1309 1836 1342 vobis
1849 1309 1869 1326 ¹⁵
1882 1309 1951 1354 Spi-

1211 1365 1289 1398 ritus
1324 1365 1458 1397 Sanctus
1489 1364 1656 1405 reseravit,
1692 1364 1950 1397 Manichaeorum

1210 1417 1476 1451 confoederantur
1499 1417 1599 1451 errori
1631 1417 1685 1461 qui
1717 1416 1756 1450 ab
1786 1416 1951 1460 unigenito

1209 1471 1262 1504 Dei
1286 1471 1366 1504 Filio
1390 1481 1499 1505 verum
1529 1477 1560 1504 et
1587 1476 1715 1504 nostrae
1740 1476 1872 1504 naturae
1896 1470 1951 1503 ho-

1210 1525 1327 1558 minem
1348 1530 1463 1567 negant
1480 1535 1547 1558 esse
1564 1530 1760 1568 susceptum,
1774 1533 1950 1567 omnesque

1210 1578 1277 1611 eius
1306 1587 1474 1622 corporeas
1494 1577 1636 1611 actiones
1653 1577 1674 1593 ¹⁶
1691 1577 1880 1610 simulatorii
1899 1587 1951 1609 vo-

1210 1631 1278 1663 lunt
1295 1630 1390 1664 fuisse
1407 1630 1646 1674 phantasmatis.
1662 1630 1716 1663 Cui
1731 1629 1899 1673 impietati,
1911 1640 1951 1662 ne

1166 1713 1172 1725 ,
1211 1685 1242 1717 in
1258 1685 1365 1727 aliquo
1380 1683 1398 1700 ¹⁷
1415 1683 1608 1727 praeberetis
1625 1694 1802 1723 assensum,
1819 1683 1881 1716 iam
1896 1694 1952 1727 per

1211 1737 1311 1770 filium
1323 1747 1428 1770 meum
1438 1736 1652 1780 Epiplianium
1664 1741 1693 1768 et
1703 1735 1886 1780 Dionysium
1895 1735 1953 1769 Ro-

1211 1801 1322 1824 manae
1340 1791 1499 1823 Ecclesiae
1516 1790 1676 1823 notarium
1696 1788 1717 1805 ¹¹³
1737 1789 1953 1823 cohortatoria

1211 1845 1248 1877 ad
1268 1845 1469 1878 dilectionem
1487 1850 1622 1877 vestram
1634 1844 1751 1887 scripta
1765 1843 1950 1884 direximus,

1211 1898 1326 1941 quibus
1337 1897 1626 1938 confirmationem,
1638 1908 1733 1940 quam
1744 1897 1903 1941 expetistis
1916 1894 1950 1937 ¹⁹,

1212 1953 1294 1985 ultro
1315 1953 1536 1996 praebuimus3
1557 1958 1591 1985 ut.
1609 1962 1667 1985 nos
1683 1955 1848 1995 paternam
1865 1949 1953 1984 vobis

1211 2016 1319 2039 curam
1338 2016 1402 2039 non
1417 2005 1568 2039 dubitetis
1586 2005 1785 2048 impendere,
1801 2015 1837 2037 ac
1850 2003 1953 2037 modis

1211 2059 1358 2093 omnibus
1376 2059 1532 2101 laborare,
1556 2064 1601 2099 ut,
1629 2058 1801 2092 auxiliante
1823 2057 1950 2092 miseri—

1248 2157 1280 2183 10
1303 2167 1315 2181 «
1331 2156 1372 2182 Al.
1389 2156 1514 2184 bonitale
1530 2168 1556 2183 ι).
1577 2155 1702 2183 Ballerin.
1724 2155 1745 2182 l.
1767 2164 1792 2182 c.

1247 2193 1275 2218 11
1299 2191 1416 2218 Caeciar.
1436 2193 1507 2227 Opp.
1524 2194 1554 2219 S.
1571 2192 1673 2219 Leonis
1691 2194 1760 2227 part.
1777 2197 1804 2226 11,
1821 2198 1881 2226 pag.
1900 2190 1952 2218 192

1211 2236 1271 2254 cum
1287 2227 1321 2254 al.
1339 2228 1409 2262 quia
1424 2231 1460 2255 el.
1613 2251 1617 2255 .

1249 2264 1280 2290 12
1299 2263 1417 2290 Cacciar.
1436 2263 1453 2290 l.
1471 2273 1494 2290 c.
1517 2272 1578 2291 cum
1594 2263 1628 2294 ὓ.
1645 2262 1800 2290 catholicae
1815 2261 1885 2289 eius.

1250 2299 1281 2326 13
1300 2309 1311 2324 «
1327 2298 1367 2325 Al.
1383 2299 1555 2327 catholicam
1571 2299 1765 2326 doctrinam».
1778 2297 1877 2324 Baller.
1890 2297 1907 2324 l.
1919 2305 1943 2324 o.

1249 2335 1280 2361 tt
1299 2345 1310 2358 «
1327 2334 1395 2369 aliq.
1412 2335 1469 2361 cod.
1484 2335 1642 2369 patiamini
1659 2344 1682 2360 n.
1699 2334 1817 2360 Caeciar.
1835 2333 1853 2360 l.
1869 2341 1892 2360 c.

1249 2371 1279 2397 15
1301 2379 1312 2395 «κ
1331 2370 1388 2395 Vat,
1406 2370 1471 2396 3701
1495 2371 1569 2397 delet
1582 2370 1681 2397 vobis»
1702 2368 1821 2396 Cacciar.
1847 2368 1863 2396 l.
1882 2376 1905 2395 c.
1925 2371 1952 2395 et

1212 2406 1339 2433 Ballerin.
1356 2405 1408 2431 col.
1425 2406 1486 2432 976.

1250 2442 1280 2467 tG
1298 2452 1309 2467 α
1327 2440 1396 2475 Atiq.
1422 2441 1481 2468 cod.
1502 2441 1662 2469 suncliones
1677 2451 1704 2467 ».
1730 2440 1854 2467 Ballerin.
1884 2438 1950 2466 ibid.

1211 2477 1263 2503 Sed
1279 2484 1430 2511 perperam.

1250 2513 1277 2539 17
1299 2512 1417 2538 Caeciar.
1434 2512 1451 2539 1.
1475 2521 1498 2539 c.
1516 2520 1575 2539 cum
1591 2512 1625 2538 al.
1642 2520 1678 2538 ne
1691 2512 1825 2546 aliquem.

1248 2548 1278 2573 18
1297 2547 1429 2608 «lPleraq.
1447 2556 1510 2574 mss.
1529 2547 1657 2575 notarios
1669 2558 1694 2574 ».
1707 2546 1831 2573 Ballerin.
1850 2549 1876 2573 et
1887 2544 1952 2572 Cac-

1210 2583 1276 2609 ciar.
1298 2583 1304 2609 l
1319 2604 1325 2609 .
1342 2591 1382 2609 cc.

1246 2619 1278 2645 19
1302 2628 1314 2642 «
1330 2617 1386 2644 Vat.
1402 2618 1466 2645 3791
1491 2621 1534 2645 ter
1552 2618 1698 2653 expetistis
1713 2626 1738 2644 ›.
1754 2616 1873 2644 Caeciar.
1887 2617 1906 2645 l.
1925 2625 1949 2644 c.

1210 2653 1240 2680 At
1255 2653 1392 2689 mendose,
1407 2654 1531 2689 inquiunt
1549 2654 1568 2681 l.
1589 2662 1613 2680 c.
1631 2653 1755 2681 Ballerin.

1978 246 2027 274 An.
2045 246 2073 274 C.
2094 246 2147 276 ⁴50

1992 892 2021 912 De
2031 892 2108 913 civium
2117 898 2149 913 re-

1965 919 2042 945 ligione
2051 919 2136 945 gautlet.

1973 1316 2052 1344 Eutycb
2056 1323 2077 1337 es
2084 1316 2150 1338 Mani-

1966 1343 2080 1364 chaeorum
2099 1344 2151 1364 liae-

1967 1371 2007 1391 resi
2022 1370 2132 1391 cohaeret.

1979 1688 2009 1710 No
2020 1688 2066 1715 quis
2076 1688 2105 1709 illi
2117 1693 2152 1709 as-

1966 1715 2150 1739 sentiretur-,sulli-

1966 1742 2022 1763 citae
2033 1741 2151 1762 Constanti-

1966 1769 2057 1794 nopolim
2067 1769 2150 1789 tium-ae

1968 1795 2111 1816 transmissae-
