2244 3183
282 256 330 284 An.
349 256 378 283 C.
396 255 445 283 449

320 583 373 604 Mira
389 584 467 612 legato-

286 617 329 632 rum
341 612 467 631 constantia.

326 956 406 979 Negata
424 960 472 974 vera

289 981 366 1001 Christ·
376 982 473 1001 incarna-

290 1008 353 1030 tinne.
363 1010 428 1028 totum
440 1013 473 1028 ex-

290 1035 392 1056 scinditur
419 1035 473 1055 cliri-

290 1063 371 1082 stianae
383 1061 430 1081 ndei
441 1066 474 1081 sa-

291 1091 427 1109 trumentum.

319 1220 434 1246 Religionis
441 1225 477 1246 pe-

293 1248 381 1268 riculum
410 1253 477 1268 reino-

293 1274 390 1295 vendum.

340 1697 482 1717 Theodosium

300 1726 372 1744 exorat
382 1740 386 1747 ,
401 1730 426 1744 ne
442 1723 483 1749 pri-

299 1757 348 1771 scae
365 1750 412 1770 fidei
434 1756 483 1769 con·

299 1777 381 1797 stitutio
389 1777 483 1797 violetur.

509 245 550 278 52

480 309 511 337 et
543 302 725 336 nociturum
752 302 759 318 ¹
786 301 879 334 statui
905 311 964 335 suo
993 300 1131 340 scirent,
1160 300 1219 333 nisi

482 356 635 399 imperata
671 353 839 393 fecissent,
877 354 1037 397 talemque
1077 353 1115 385 ab
1153 353 1222 397 ipso

480 410 636 452 prolatam
651 418 718 441 csse
736 407 927 440 sententiam
937 407 959 448 ²,
972 412 1017 447 ut,
1036 407 1112 440 (lum
1127 408 1223 440 homo

482 471 565 494 unus
600 460 786 503 impetitur,
813 459 845 492 in
869 470 999 493 omnem
1023 460 1195 493 Ecclesiam
1213 460 1224 476 ³

482 514 666 549 saeviretur.
684 512 774 552 Quod
787 512 887 546 nostri
902 514 940 546 al)
954 513 1133 556 Apostolica
1146 513 1224 546 Sede

484 567 595 602 directi
620 566 698 600 adeo
719 566 852 610 impium
879 572 908 599 et
945 566 1119 600 catholicae
1151 566 1223 599 fidei

485 620 681 655 contrarium
707 630 774 653 esse
799 620 961 661 viderunt,
982 626 1014 653 ut
1033 620 1072 652 ad
1091 630 1225 653 consen-

485 674 631 708 tiendum
645 674 732 707 nulla
746 674 909 717 potuerint.
922 673 1128 717 oppressione
1139 683 1225 705 com-

486 728 577 772 pelli·‚
600 733 848 771 constanterque
880 727 911 759 in
944 727 1054 761 eadem
1079 725 1199 770 symodo
1215 753 1222 766 ,

488 788 522 815 ut
547 781 798 822 decuit,suerint
821 780 996 824 protestati,
1024 790 1224 823 nequaquam

488 835 533 876 id,
561 834 647 878 quod
673 833 937 872 constituebatur,
965 833 1078 866 Sedem
1097 834 1227 877 Aposto-

488 889 580 922 licam
602 893 815 931 recepturam:
839 886 991 930 quoniam
1008 896 1115 920 revera
1133 896 1227 919 omne

488 942 679 975 christianae
692 941 764 973 fidei
778 945 1026 980 sacramentum,
1048 940 1132 984 quod
1149 939 1229 971 absit

489 1005 506 1028 a
520 994 715 1038 temporibus
726 1000 845 1028 vestrae
858 994 994 1037 pietatis,
1010 994 1226 1032 exscinditur&

490 1047 549 1081 nisi
582 1048 642 1081 hoc
677 1047 936 1081 scelestissimum
967 1047 1109 1086 facinus,
1143 1046 1228 1090 quod

491 1107 605 1135 cuncta
630 1100 794 1143 sacrilegia
820 1101 963 1140 excedit,
995 1100 1158 1133 aboleatur
1173 1100 1193 1132 ⁵.

536 1155 607 1189 (ΖΛΓ.
636 1155 675 1188 11.
703 1154 782 1193 Quia
807 1165 880 1187 vero
905 1154 1059 1187 diabolica
1088 1152 1229 1196 nequitia

492 1208 655 1242 subtiliter
678 1207 758 1240 fallit
783 1207 940 1247 meatum,
961 1212 989 1240 et
1010 1206 1052 1239 ita
1077 1216 1231 1249 quorum-

493 1262 566 1295 dam
599 1260 835 1304 imprudentiae
858 1260 869 1275 ⁰
898 1270 954 1302 per
991 1257 1231 1291 similitudinem

493 1313 619 1357 pietatis
640 1313 766 1353 illudit,
795 1318 829 1345 ut.
863 1323 921 1355 pro
945 1311 1126 1344 salubribus
1156 1320 1233 1352 per—

494 1367 625 1400 suadeat
646 1366 809 1405 nocituraf.
830 1370 1001 1405 removete,
1024 1373 1231 1407 quaesumus,

495 1431 512 1453 a
532 1426 655 1454 vestrae
675 1418 801 1463 pietatis
826 1417 1019 1452 conscientia
1054 1416 1232 1460 periculum

496 1473 658 1516 religionis
682 1478 712 1506 et
736 1472 830 1513 fidei,
857 1472 1008 1515 quodque
1039 1470 1070 1502 in
1095 1470 1234 1502 saccula-

496 1526 584 1560 ribus
608 1526 746 1569 negotiis
759 1525 866 1568 legum
881 1530 1054 1558 vestrarum
1076 1522 1236 1566 aequitate

498 1579 694 1621 conceditur,
723 1579 755 1612 in
781 1588 886 1612 rerum
912 1577 1092 1610 divinarum
1117 1580 1236 1619 pertra-

498 1631 636 1665 ctatione
658 1637 831 1675 praestate,
869 1635 904 1663 ut
928 1629 1042 1663 Christi
1068 1627 1236 1670 Evangelio

498 1685 561 1718 vim
589 1695 653 1718 nou
685 1684 798 1717 inserat
833 1683 971 1716 humana
1005 1680 1232 1726 praesumptio.

498 1739 579 1773 Ecce
599 1749 674 1781 ego,
701 1736 963 1771 christianissime
993 1740 1025 1768 et
1050 1733 1236 1768 venerabilis

499 1792 695 1836 imperator,
737 1802 809 1825 cum
847 1789 1127 1824 consacerdotibus
1159 1787 1237 1820 meis

500 1845 634 1889 implens
658 1855 731 1888 erga
750 1843 959 1877 reverentiam
985 1841 1171 1874 clementiae
1188 1851 1238 1873 ve-

501 1904 584 1931 strae
609 1897 723 1931 sinceri
749 1896 868 1929 amoris
893 1895 1034 1929 officium
1050 1894 1071 1935 ⁷,
1092 1893 1237 1938 cupiens-

502 1962 565 1995 que
600 1961 655 1984 vos
686 1951 811 1994 placere
836 1960 892 1993 per
917 1948 1024 1982 omnia
1054 1948 1129 1988 Deo,
1159 1946 1208 1980 cui
1229 1947 1239 1961 Β

503 2015 559 2049 pro
580 2004 668 2036 vobis
683 2004 721 2035 ab
738 2003 877 2035 Ecclesia
895 2002 1103 2045 supplicatur,
1119 2012 1157 2033 ne
1169 2006 1239 2033 ante

504 2057 642 2091 tribunal
663 2055 800 2090 Christi⁹
832 2055 957 2088 Domini
988 2056 1032 2088 rei
1050 2054 1088 2087 de
1114 2053 1240 2087 silentio

503 2109 694 2150 iudicemur,
712 2110 918 2143 obsecramus
931 2118 1038 2141 coram
1052 2107 1148 2140 unius
1164 2106 1238 2139 Dei-

541 2198 551 2224 1
581 2206 592 2222 (ι
615 2197 657 2224 Al.
687 2197 761 2232 quod
786 2197 970 2228 nocitmwm
991 2195 1026 2222 al.
1052 2195 1196 2223 nocituros
1215 2204 1240 2221 n.

505 2232 631 2260 Ballerin.
649 2233 700 2259 col.
721 2233 772 2259 914
788 2236 814 2258 et
829 2231 946 2259 Caeciar.
962 2232 979 2257 l.
1001 2240 1025 2258 c.

541 2278 556 2304 2
576 2289 587 2302 ι(
607 2277 670 2304 (lod.
688 2278 770 2304 Grim.
784 2277 992 2311 poenitentiam
1006 2287 1031 2302 u.
1049 2275 1158 2302 Cacciar
1184 2275 1198 2301 1.
1219 2283 1242 2302 e.

524 2324 557 2363 Δ3
581 2323 652 2385 «ΗΜ.
673 2323 784 2350 saevire
805 2323 984 2349 videretur».
1000 2321 1126 2348 Ballerin.
1145 2320 1243 2347 etCac-

508 2367 572 2385 ciar.
614 2366 676 2384 .cc.

542 2404 558 2430 t
578 2414 589 2429 ι(
605 2403 644 2430 ΑΙ.
662 2403 862 2430 eaeclwlitur».
880 2402 1008 2429 Ballerin.
1024 2402 1040 2429 l.
1059 2411 1082 2429 c.

542 2448 559 2475 5
578 2459 590 2472 «
606 2449 645 2474 ΑΙ.
661 2448 824 2474 aboletur».
848 2446 973 2473 ttatlerin.
995 2447 1012 2473 l.
1031 2455 1055 2473 c.

543 2493 560 2520 6
579 2503 591 2516 «
607 2492 646 2518 ΑΙ.
663 2491 890 2525 imprudentiam
910 2503 935 2517 υ.
952 2491 1070 2518 Cacciar.
1092 2491 1109 2518 l.
1132 2499 1154 2517 c.

510 2573 518 2599 l
545 2537 559 2563 7
580 2547 592 2560 «
607 2536 671 2597 ¹(lod.
695 2535 793 2571 Ratisp.
811 2536 988 2563 sinceritatis
1003 2536 1129 2570 officium
1146 2545 1171 2560 »-
1186 2534 1245 2561 Bal-

522 2580 589 2598 erm.
618 2580 663 2598 .c.

546 2618 561 2643 8
581 2627 592 2641 t(
610 2616 664 2643 Duo
680 2615 757 2643 codd.
775 2623 835 2643 cum
851 2626 877 2642 n.
894 2615 1012 2642 Caeciar.
1035 2623 1094 2651 pag.
1115 2615 1173 2642 181.
1194 2614 1247 2642 Sed

511 2660 664 2688 perperam.

1002 252 1162 277 APPENDIX
1182 252 1331 277 BULLARII
1351 252 1471 278 ROMANI

2024 251 2074 279 An.
2092 250 2121 279 C.
2138 250 2188 279 4⁴9

1255 301 1327 334 tatis
1365 301 1572 345 inseparabili
1610 300 1782 342 Trinitate,
1819 311 1901 344 quae
1936 300 1989 334 tali

1256 354 1337 388 sacto
1362 354 1508 395 laeditur,
1529 365 1601 388 cum
1627 354 1694 398 ipsa
1713 353 1808 387 vestri
1825 354 1864 387 sit
1885 358 1991 387 custos
2042 365 2190 391 Deusimperii

1256 413 1286 440 ct
1306 413 1418 440 auctor
1439 407 1460 424 '⁰
1474 407 1610 451 imperii,
1629 412 1659 440 et
1678 417 1784 440 coram
1802 406 1918 440 sanctis
1938 416 1992 439 an-
2008 394 2191 440 {10?Y⁵¹⁰⁵‘³‘²¹¹‘

1257 460 1335 504 gelis
1355 460 1487 499 Christi,
1514 466 1549 493 ut
1573 460 1680 493 omnia
1705 459 1736 492 in
1764 470 1801 492 eo
1819 465 1902 493 statu
1925 469 1994 493 esse

1259 513 1406 554 jubeatis,
1435 513 1465 545 in
1491 523 1555 556 quo
1581 513 1709 546 suerunt
1734 518 1806 546 ante
1825 523 1920 546 omne
1940 512 1991 546 iu-

1259 566 1389 606 dicium,
1410 567 1511 600 donec
1538 567 1639 599 maior
1659 577 1694 600 ex
1717 571 1784 599 toto
1801 566 1877 599 orbe
1893 575 1996 599 sacer-

1259 620 1369 653 dotum
1394 631 1547 653 numerus
1572 626 1792 663 congregetur.
1811 619 1875 652 Nec
1892 619 1996 653 alieno

1259 678 1389 716 peccato
1410 673 1574 716 patiamini
1588 683 1642 706 vos
1655 672 1792 716 gravari:
1808 672 1895 715 quia,
1911 671 1997 715 quod

1260 736 1387 759 neccsse
1405 732 1450 759 est
1464 736 1522 759 nos
1539 726 1656 767 dicere,
1679 736 1829 759 veremur
1845 735 1885 758 ne
1905 724 1997 758 cuius

1261 778 1370 821 religio
1381 778 1564 822 dissipatur,
1578 779 1754 821 indignatio
1766 783 1954 823 provocetur
1964 777 1993 811 ¹¹.

1261 833 1338 865 Prae
1367 832 1467 865 oculis
1494 833 1623 871 habete,
1649 838 1680 866 et
1704 837 1768 866 tota
1793 831 1908 865 mentis
1932 831 1998 864 acie
2027 840 2197 871 ,cumaeo-nfes-

1263 891 1440 918 reverenter
1464 886 1591 929 aspicite
1609 884 1690 918 beati
1708 885 1792 918 Petri
1811 884 1946 928 gloriam
1963 883 1997 923 ¹²,
2014 867 2199 915 {³3„;¹,¹{,1‘2,¹323„¹2

1262 943 1292 971 et
1316 949 1501 972 communes
1525 949 1596 971 cum
1622 939 1689 982 ipso
1706 938 1848 971 omnium
1868 942 1999 981 aposto-
2014 922 2116 968 ἓῖἱῖ-’ῑίῗωε
2139 925 2198 941 ⁰⁰‘⁰'

1263 992 1365 1024 lorum
1390 1003 1534 1033 coronas
1554 997 1807 1035 cunctorumque
1825 996 2001 1034 martyrum

1264 1046 1395 1089 palmas,
1428 1045 1546 1089 quibus
1570 1046 1631 1079 alia
1654 1055 1718 1078 non
1738 1044 1797 1077 fuit
1821 1054 1916 1076 causa
1939 1053 1998 1086 pa-

1265 1098 1376 1139 tiendi,
1400 1098 1459 1131 uisi
1485 1099 1641 1132 consessio
1666 1108 1758 1132 verae
1776 1096 1950 1130 divinitatis
1971 1100 2002 1129 et

1266 1161 1354 1184 verae
1378 1151 1583 1184 humanitatis
1604 1150 1635 1183 in
1662 1150 1796 1184 Christo.

1310 1205 1382 1237 Cap,
1412 1205 1464 1236 Ill.
1489 1204 1543 1237 Cui
1569 1208 1779 1238 sacramento.
1799 1203 1874 1246 quia
1906 1202 2002 1246 impie
2059 1211 2203 1238 suppiimur.

1265 1267 1350 1289 nunc
1372 1268 1388 1288 a
1413 1257 1521 1300 paucis
1553 1255 1809 1299 imprudentibus
1834 1255 2001 1294 obviatur,
2018 1239 2202 1286 gitlffi‘lfflssffi

1267 1320 1376 1343 omnes
1394 1311 1531 1353 partium
1549 1315 1729 1342 nostrarum
1746 1308 1915 1350 Ecclesiae,
1938 1318 2005 1341 om·
2019 1293 2154 1312 ⁰⁰¹¹v⁰⁰²¹¹¹‘'

1268 1374 1323 1396 nes
1344 1362 1581 1396 mansuetudini
1606 1368 1728 1395 vestrae
1746 1371 1818 1395 cum
1835 1360 2006 1405 gemitibus

1269 1422 1299 1450 et
1322 1415 1470 1461 lacrymis
1503 1416 1683 1460 supplicant
1711 1415 1912 1455 sacerdotes,
1947 1419 2004 1454 ut,

1269 1470 1343 1514 quia
1361 1476 1391 1503 et
1404 1469 1504 1503 nostri
1516 1469 1650 1504 fideliter
1662 1469 1888 1508 reclamarunt,
1902 1473 1933 1501 et
1947 1467 2007 1500 eis-

1270 1524 1340 1556 dem
1366 1523 1508 1556 libellum
1533 1520 1760 1566 appellationis
1784 1520 1952 1554 Flavianus
1969 1530 2004 1553 e-

1270 1578 1419 1620 piscopus
1444 1575 1543 1616 dedit,
1570 1576 1750 1618 generalem
1777 1574 1934 1619 synodum
1960 1573 2008 1605 iu·

1269 1630 1370 1663 beatis
1384 1629 1465 1662 intra
1479 1628 1600 1661 ltaliam
1617 1627 1781 1667 celebrari,
1797 1638 1877 1670 quae
1899 1637 2009 1660 omnes

1269 1682 1460 1716 offensiones
1483 1681 1527 1714 ita
1547 1687 1601 1714 aut
1626 1681 1757 1724 repellat
1793 1686 1845 1713 aut
1872 1679 2006 1722 mitiget,

1270 1746 1309 1768 ne
1333 1735 1452 1778 aliquid
1478 1734 1559 1768 ultra
1579 1733 1619 1766 sit
1646 1735 1690 1766 vel
1714 1733 1744 1766 in
1781 1733 1843 1766 fide
1874 1731 2008 1766 dubium
2049 1740 2208 1771 Nasum-neo

1272 1790 1317 1822 rel
1339 1789 1371 1822 iu
1397 1787 1527 1821 caritate
1559 1787 1692 1820 divisum
1707 1814 1714 1827 ,
1746 1785 2009 1819 convenientibus
2023 1767 2209 1815 iiiiig't'ihii'iiuiss

1273 1842 1381 1885 utique
1406 1840 1609 1874 orientalium
1635 1839 1870 1884 provinciarum
1888 1838 2010 1882 episco-

1272 1896 1341 1939 pis,
1367 1905 1504 1939 quorum
1529 1895 1554 1928 si
1579 1895 1632 1938 qui
1658 1893 1799 1938 superati
1831 1892 1927 1926 minis
1957 1897 2008 1925 at-

1273 1960 1335 1992 que
1353 1949 1374 1965 ¹⁸
1398 1948 1525 1982 iniuriis
1553 1959 1569 1980 a
1594 1947 1734 1981 veritatis
1759 1946 1885 1981 tramite
1910 1945 2012 1980 devia-

1273 2009 1359 2043 runt,
1387 2003 1579 2036 salutaribus
1597 2002 1616 2018 ¹⁴
1636 2000 1782 2034 remediis
1799 2001 1830 2034 in
1855 2001 2011 2043 integrum

1275 2062 1475 2096 revocentur;
1488 2055 1621 2099 ipsique,
1634 2064 1771 2097 quorum
1781 2058 1828 2086 est
1837 2063 1947 2086 caussa
1956 2052 2014 2085 du-

1277 2109 1354 2150 rior,
1367 2109 1391 2142 si
1402 2108 1541 2142 consiliis
1562 2106 1748 2141 melioribus
1761 2106 1966 2150 acquiescant
1978 2104 2010 2144 ¹⁵,

1311 2193 1470 2256 l§Sl-Quid.
1493 2192 1571 2220 codd.
1593 2192 1685 2219 delent
1707 2192 1816 2221 Christi
1836 2202 1862 2218 n.
1890 2191 2013 2219 Ballerin.

1294 2238 1307 2256 (J
1324 2251 1329 2256 .
1366 2239 1368 2242 '
1383 2248 1388 2256 ι
1402 2250 1408 2256 .

1278 2238 1291 2257 c
1313 2271 1347 2297 to
1365 2240 1432 2296 «ἿΛΙ.
1449 2269 1599 2296 austria».
1619 2267 1742 2295 Ballerin.
1759 2267 1826 2294 ibid.

1315 2312 1343 2338 11
1365 2320 1375 2336 a
1393 2311 1432 2337 Al.
1456 2312 1485 2337 ut
1504 2310 1529 2336 si
1544 2310 1612 2336 haec
1627 2309 1729 2342 reliyz'o
1740 2308 1904 2342 dissipetur,
1922 2307 1951 2334 in
1967 2308 2017 2334 Vos

1281 2347 1443 2380 iiztliynntt'o
1472 2347 1641 2380 provocetur
1664 2354 1688 2371 xv.
1704 2343 1832 2370 Ballerin.
1855 2347 1882 2370 et
1897 2343 2015 2370 Caeciar.

1279 2382 1306 2408 ll.
1324 2390 1363 2408 cc.
1380 2381 1447 2408 lllale
1462 2380 1580 2416 quidem,
1598 2383 1627 2406 ut
1641 2379 1747 2414 opinor.

1317 2422 1348 2451 12
1367 2421 1454 2448 «Cod.
1472 2421 1541 2448 Flor.
1560 2420 1689 2455 requlam
1702 2430 1724 2446 n.
1738 2419 1857 2446 caecias.
1874 2419 1892 2446 l.
1909 2427 1933 2447 c.
1949 2419 2017 2446 Sane

1279 2466 1430 2494 perperam.

1315 2494 2017 2530 13«‹Al.aut».Ballerin.col.916etCacciar.p.18*2.

1318 2538 1350 2564 14
1366 2549 1376 2561 u
1396 2538 1439 2563 Al.
1456 2537 1620 2564 salubribus
1631 2547 1657 2562 n.
1674 2535 1799 2562 Ballerin.
1817 2535 1834 2562 l.
1852 2543 1875 2561 c.

1315 2578 1350 2604 45
1373 2588 1385 2602 «
1397 2578 1435 2604 Al.
1453 2577 1614 2611 acquiescat
1632 2576 1673 2603 vel
1689 2575 1898 2610 acquiescerent
1918 2585 1941 2601 n.
1959 2574 2018 2601 Bal-

1282 2613 1359 2640 leriu.
1390 2612 1440 2639 col.
1462 2613 1523 2639 917.
1549 2611 1669 2639 Caeciar.
1689 2611 1706 2637 l.
1732 2619 1756 2637 c.
1781 2609 1833 2637 Sed
1857 2610 2019 2645 acquiescat

1282 2649 1368 2684 potius
1384 2647 1480 2675 mendo
1497 2646 1653 2683 typograph.
1670 2645 1853 2673 tribuendum.
