2244 3183
64 249 117 277 An.
132 249 162 278 C.
178 247 230 277 536

105 525 151 549 Ona
165 524 252 545 Amator

67 551 182 581 Silverium
202 556 252 578 pro-

67 581 171 606 sequitur.

95 738 151 760 Mala
167 736 252 759 silverii

69 767 202 787 anari-amun

89 1537 259 1562 Quianunsario

75 1565 164 1586 mittitur
180 1565 200 1585 in
218 1564 260 1585 exi-

76 1592 133 1613 liumv

875 247 889 269 5
896 262 901 268 .
930 246 1094 270 sitiamus

263 301 353 330 calor
370 295 520 338 egregius
535 293 697 328 vinculum
712 291 936 337 perfectionis¹
955 302 1009 326 vo-

264 356 329 391 cat3
357 350 433 394 quia
453 349 585 383 virtutes
602 348 734 393 quidem
756 353 881 382 ceterae
902 347 1009 391 perse-

265 404 405 438 ctionem
427 409 594 447 generant,
611 402 668 436 sed
682 408 789 436 tamen
803 412 856 435 eas
870 401 1010 435 charitas

265 457 377 501 ligat⁹‚
394 463 430 491 ut
449 457 488 491 ab
509 455 646 490 amantis
666 460 775 489 mente
795 454 924 488 dissolri
946 453 1008 487 iam

266 516 441 555 nequeant.
464 511 531 544 Hac
551 510 661 553 itaque
688 509 816 549 virtute,
840 508 939 541 frater
959 518 1010 540 ca-

266 564 412 605 rissime,
436 564 568 608 plenum
591 568 620 596 te
644 562 773 606 reperio
792 562 814 603 ⁵,
843 562 919 595 dum
945 570 1010 594 non

267 618 372 652 solum
388 617 426 651 de
448 627 500 650 me
516 616 712 650 sciscitando
731 622 761 649 et
780 615 939 649 visitando
954 625 1010 648 cu-

268 682 337 705 ram
358 670 468 712 babes,
491 670 547 704 sed
566 670 663 703 etiam
683 669 777 703 bonis
798 669 859 703 tuis
878 680 930 702 me
949 668 1011 703 sul·

269 725 357 759 cire⁴
382 730 412 759 et
439 730 619 758 sustentare
644 734 709 757 non
735 723 864 757 desinis.
888 723 1012 762 Quanta

269 785 376 813 autern
406 780 489 813 mala
522 779 554 812 in
584 789 635 812 me
664 784 794 823 peracta
819 783 893 812 sunt
911 778 921 794 ⁵
952 788 1012 811 nec

269 844 438 875 enarrare,
473 844 532 867 nec
561 833 704 867 scribere
733 832 789 866 tibi
820 843 879 876 per
902 831 1013 865 onmia

268 898 410 932 possum.
435 888 516 921 Ante
536 887 646 920 omnia
662 897 737 920 vero
751 886 887 931 patricia
900 885 1013 920 insesta

270 941 350 974 mihi
377 941 491 981 erat⁵‚
522 951 560 974 eo
586 941 674 984 quod
706 950 772 974 non
804 940 1012 973 restituebam

269 994 471 1035 Anthimum,
488 994 609 1027 dudum
624 994 844 1038 patriarcham
857 994 1013 1028 Constan-

271 1048 534 1093 tinopolitanum,
559 1059 653 1092 quem
684 1053 811 1082 sanctae
837 1046 1014 1081 memoriae

271 1104 434 1147 Agapetus
454 1102 686 1147 praedecessor
706 1112 796 1135 meus
817 1101 1015 1135 suismeritis

272 1156 448 1189 damnavit.
470 1156 610 1199 [rgente
630 1166 761 1199 quoque
774 1155 840 1189 eius
859 1155 1011 1196 iussione,

273 1209 421 1243 exierunt
441 1209 574 1254 quidam
596 1209 667 1242 salsi
681 1214 788 1249 testes,
805 1209 948 1243 dicentes
962 1209 1015 1242 ad-

272 1273 399 1296 versum
432 1274 483 1297 me
504 1263 651 1303 crimina,
676 1273 815 1307 quorum
836 1273 1016 1307 numquam

272 1316 435 1360 particeps
465 1316 520 1349 sui.
548 1316 609 1350 Sed
637 1317 713 1349 dum
736 1316 830 1349 multi
850 1316 883 1349 in
903 1317 1016 1350 eadem

274 1370 479 1404 accusatione
504 1371 726 1414 persisterent,
758 1370 866 1404 timuit
892 1370 1014 1403 Belisa-

275 1424 341 1457 rius
363 1424 373 1440 ⁷
399 1423 554 1468 patricius
585 1430 710 1465 noster,
735 1429 765 1457 et
786 1424 949 1457 mandavit
967 1434 1017 1457 me

275 1477 314 1510 ad
332 1488 364 1511 se
387 1477 495 1511 venire
516 1476 650 1521 pacifice
669 1488 729 1521 pro
751 1477 945 1521 quibusdam
968 1488 1019 1511 cc—

275 1530 462 1564 clesiasticis
494 1530 760 1575 dispositionibus
795 1531 828 1564 in
861 1531 1017 1575 palatium

275 1584 414 1625 Pincis³,
439 1590 467 1617 ct
489 1585 528 1617 ad
549 1584 691 1628 primum
713 1591 741 1617 ct
763 1585 941 1618 secundum
964 1596 1018 1618 rc-

276 1638 342 1671 lum
365 1637 495 1671 retinuit
518 1648 648 1671 omnem
664 1639 786 1671 clerum
802 1638 1014 1682 etpopulum‚

276 1691 331 1736 qui
350 1701 476 1725 mecum
498 1691 677 1733 veniebat&
701 1697 729 1725 ct
752 1692 877 1725 nullum
899 1692 1019 1736 permi-

314 1809 323 1834 1
348 1807 451 1835 Coloss.
473 1814 519 1840 111,
544 1808 589 1842 it,
612 1808 656 1834 ubi
676 1807 788 1843 legitur:
806 1807 898 1842 Super
917 1809 1018 1836 omnia

276 1855 373 1880 autem
389 1852 467 1886 haec,
484 1853 653 1880 charitatem
673 1853 781 1888 habete,
803 1853 880 1888 quod
897 1856 937 1881 est
957 1853 1018 1880 vin-

275 1897 372 1924 culum
391 1897 590 1931 perfectionis.

312 1943 328 1968 ⁹2
346 1953 357 1967 «
375 1943 432 1970 Sed
446 1945 541 1970 tamen
557 1943 685 1971 charitas
700 1943 742 1971 ita
755 1952 802 1971 eas
816 1944 923 1978 lz'yal».
941 1944 1017 1972 cont.

278 1988 368 2014 Const.
382 1995 445 2014 mss.
463 1996 523 2014 cum
539 1987 599 2014 cod.
618 1987 699 2021 13443
715 1989 764 2016 sed
779 1991 875 2016 lamen
890 1997 935 2017 eas
950 1990 1018 2017 cha-

278 2032 351 2060 ritas
364 2032 403 2060 ila
421 2033 492 2067 {iffae
513 2032 571 2060 cod.
589 2033 668 2060 3791.

313 2078 329 2104 3
346 2090 356 2102 u
376 2078 500 2105 Plenum
521 2081 544 2105 te
563 2086 618 2105 esse
644 2079 758 2112 reperio
775 2089 800 2106 ιο.
828 2078 904 2107 Cont.
927 2079 1018 2107 Const.

278 2131 338 2149 cum
355 2121 433 2149 codd.
450 2130 495 2149 nn.
516 2121 581 2149 1344
597 2126 624 2149 et
639 2122 718 2149 3791.

313 2167 330 2193 4
353 2168 513 2195 «Fuluii-i»
533 2171 598 2194 rect.
617 2167 714 2203 corrig.
731 2168 790 2195 cod.
806 2168 885 2196 3791.

313 2213 330 2239 5
345 2213 421 2240 Cont.
448 2212 538 2240 Const.
560 2221 623 2240 mss.
648 2221 709 2240 cum
733 2222 780 2240 nn.
808 2214 876 2242 codd
898 2217 1020 2251 peraeta

277 2257 343 2284 sint-

313 2302 329 2328 6
344 2301 426 2329 Labb.
448 2301 480 2328 ad
501 2309 585 2337 marg.
611 2313 623 2327 «
638 2303 717 2331 iussu
741 2303 902 2332 Theodorae
921 2305 1021 2341 Λαρα-

277 2349 337 2374 slnc
349 2357 371 2373 υ,
384 2347 461 2373 Cont.
474 2346 563 2373 Const.
577 2346 602 2373 in
617 2347 672 2375 suis
686 2356 750 2375 mss.
764 2348 964 2384 animadvertit,
977 2350 1021 2378 liic

278 2391 365 2418 notari
381 2391 544 2418 Antoninum
560 2391 699 2427 patriciam
720 2392 841 2420 Belisarii
861 2394 1020 2430 coniugem,

278 2445 347 2472 quac
369 2436 407 2463 vel
428 2436 475 2463 sua
489 2440 595 2472 sponte,
612 2436 653 2464 vcl
669 2437 742 2464 iussu
758 2437 862 2466 Theou.
883 2439 1022 2474 Augustae

278 2481 392 2508 Silverio
408 2481 504 2508 infesta
519 2485 586 2509 crat.

314 2526 328 2552 7
345 2526 372 2552 (2.
390 2534 465 2558 xxm,
483 2534 509 2561 q.
527 2532 561 2557 tv,
578 2535 601 2552 c.
620 2526 663 2553 30.
1038 2556 1039 2559 Ἴ

315 2570 331 2597 8
347 2580 359 2593 υ
372 2570 522 2605 Principis
534 2582 544 2594 ιν
562 2570 647 2598 Labl).
672 2571 705 2599 ad
731 2580 827 2608 marg„
852 2576 878 2600 et
903 2574 937 2600 al.
955 2573 1019 2601 cdit.
1037 2560 1039 2575 Ι

280 2623 340 2642 cum
356 2614 431 2641 Cont.
450 2615 540 2642 Const.
554 2623 630 2651 mss„
642 2619 669 2644 et
679 2616 738 2644 cod.
761 2616 835 2645 1324.

315 2659 331 2687 9
347 2658 410 2687 Cod.
424 2659 487 2688 379¹
509 2660 665 2689 veniebant.

1688 234 1751 268 527

1043 293 1082 326 sit
1102 293 1236 327 introire
1265 294 1325 327 nisi
1354 304 1406 328 me
1426 294 1543 334 solum,
1575 299 1606 327 et
1631 292 1783 335 Vigilium

1044 345 1213 380 diaconem
1236 358 1343 381 meum
1355 346 1386 380 ¹⁰.
1410 348 1457 381 Me
1484 358 1560 381 vero
1588 346 1615 379 vi
1642 351 1782 387 retento,

1045 405 1075 432 et
1106 405 1179 433 ante
1210 401 1408 443 praedictam
1438 400 1601 445 patritiam
1630 400 1781 441 deducto,

1045 451 1203 485 miserunt
1236 453 1266 485 in
1296 453 1441 494 exilium,
1472 454 1503 487 in
1524 464 1589 498 quo
1611 454 1708 487 modo
1726 464 1782 487 su-

1044 511 1167 540 stentor
1186 516 1268 550 pane
1290 507 1508 541 tribulationis
1528 513 1559 541 et
1578 518 1662 552 aqua
1683 518 1785 551 angu-

1044 558 1166 593 stiae¹¹.
1183 560 1248 602 Ego
1268 566 1374 594 tamen
1391 568 1563 605 propterea
1582 573 1646 596 non
1665 562 1783 602 dimisi,

1045 623 1105 646 nec
1133 613 1261 647 dimitto
1294 614 1434 647 officium
1469 626 1595 655 meumf.
1626 617 1682 649 scd
1712 626 1785 650 cum

1046 666 1216 711 episcopis,
1245 678 1327 711 quos
1358 678 1557 711 congregare
1581 670 1682 713 potui,
1718 680 1784 711 eos,

1046 720 1101 765 qui
1130 720 1205 754 talia
1225 731 1301 763 erga
1322 732 1373 755 me
1394 728 1541 764 egerunt,
1572 723 1787 757 anathemati-

1046 774 1112 808 zavi
1125 773 1158 815 ¹²,
1182 780 1212 808 et
1229 785 1295 808 una
1315 786 1388 808 eum
1407 775 1469 809 illis
1490 776 1666 820 apostolica
1686 783 1717 811 et
1737 788 1788 822 sy-

1046 828 1156 862 nodali
1174 827 1366 862 auctoritate
1384 829 1490 870 statui,
1507 830 1631 863 nullum
1645 840 1788 875 unquam

1048 883 1155 917 taliter
1168 882 1408 927 decipiendum,
1429 883 1511 917 sicut
1531 884 1684 929 deceptus
1703 895 1786 925 sunu

1048 942 1079 971 et
1097 937 1123 970 si
1143 936 1260 980 aliquis
1280 936 1433 981 deinceps
1452 937 1554 971 ullum
1569 948 1711 982 unquam
1725 938 1790 982 epi-

1048 1001 1223 1035 scoporum
1255 990 1298 1025 ita
1329 990 1505 1034 deciperet,
1533 991 1706 1025 anathema
1725 1002 1792 1024 ma-

1050 1044 1214 1078 ranatha¹³
1234 1044 1327 1078 ficret
1345 1045 1377 1078 in
1395 1050 1571 1089 conspectu
1590 1045 1645 1079 Dei
1671 1051 1701 1079 et
1720 1056 1792 1079 san-

1050 1105 1174 1132 ctorum
1196 1099 1400 1141 angelorum.
1430 1098 1586 1133 Similiter
1605 1104 1792 1133 sanctorum

1049 1153 1180 1185 Patrum
1200 1152 1391 1186 roborantes
1412 1152 1543 1186 decreta
1557 1152 1729 1186 statuimus
1743 1152 1793 1196 (li-

1051 1212 1100 1239 cet
1121 1206 1308 1250 saepissime
1334 1206 1397 1239 iam
1425 1211 1580 1240 statutum
1604 1206 1713 1250 suerit)
1734 1217 1793 1241 nec

1052 1260 1166 1300 salsos,
1191 1271 1250 1293 nec
1272 1260 1420 1294 inimicos
1441 1266 1607 1304 suspectos
1627 1266 1794 1294 accusato-

1051 1323 1102 1346 res
1115 1311 1135 1330 ¹⁴
1157 1314 1202 1346 xcl
1224 1319 1320 1347 testes
1338 1324 1480 1357 unquam
1503 1324 1600 1357 super
1625 1313 1794 1357 episcopos

1051 1366 1182 1410 suscipi,
1199 1367 1308 1410 eisque
1322 1377 1440 1400 nocere
1453 1367 1636 1400 nullatenus
1650 1366 1670 1383 ¹⁵
1687 1378 1791 1411 posse,

1052 1420 1127 1464 quia
1149 1420 1273 1462 salsam,
1290 1426 1344 1453 aut
1361 1426 1554 1464 suspectam,
1578 1426 1632 1453 aut
1649 1420 1795 1454 odiosam

1052 1484 1175 1514 vocem,
1200 1479 1253 1507 aut
1269 1475 1441 1516 funestam,
1464 1474 1572 1518 potius
1594 1474 1743 1508 interdici
1759 1472 1790 1515 ¹⁶,

1053 1538 1150 1572 quam
1183 1528 1287 1561 audiri
1327 1528 1444 1562 sanctis
1476 1528 1627 1562 Patribus
1658 1528 1790 1572 placuit.

1052 1581 1317 1626 Summopereff,
1351 1582 1530 1622 carissime,
1559 1582 1637 1615 tales
1663 1581 1795 1616 cavendi

1052 1641 1137 1676 sunt,
1154 1641 1182 1669 et
1197 1635 1362 1669 avertendi
1381 1642 1477 1680 atque
1493 1636 1673 1677 reficiendi,
1693 1636 1718 1670 si
1736 1647 1794 1670 no-

1053 1695 1161 1722 centes
1181 1689 1412 1734 apparuerint;
1436 1689 1510 1734 quia
1531 1700 1596 1723 non
1616 1689 1720 1723 solum
1742 1700 1795 1723 ee-

1120 247 1165 270 ΙΨ.

1090 1806 1122 1832 10
1137 1807 1214 1833 Com..
1228 1806 1317 1834 Const.
1330 1814 1393 1834 mss.
1407 1814 1467 1833 cum
1483 1814 1529 1834 nn.
1544 1805 1622 1834 codd.
1638 1806 1738 1833 diacon
1746 1815 1793 1836 um

1051 1853 1193 1880 nostrum.

1090 1898 1116 1923 11
1144 1906 1155 1922 c<
1174 1897 1182 1924 1
1200 1897 1265 1931 Reg.
1287 1905 1346 1932 cap.
1368 1904 1423 1923 xxi]
1441 1906 1464 1924 n.
1486 1896 1572 1924 Caras.
1595 1896 1627 1923 ad
1651 1905 1748 1932 marg.;
1769 1901 1796 1924 et

1052 1944 1141 1974 recte;
1163 1950 1226 1969 nam
1250 1941 1317 1969 ibid.
1340 1950 1408 1969 vers.
1435 1942 1468 1968 27
1494 1941 1592 1977 legitur
1615 1945 1708 1968 contra
1731 1949 1795 1977 pro-

1053 1987 1163 2023 phetam
1188 1987 1334 2014 Michaeam
1360 1987 1426 2014 haec
1450 1987 1503 2014 lata
1523 1987 1596 2014 iussu
1620 1987 1692 2022 regis
1712 1987 1796 2014 Israel

1053 2032 1200 2060 sententia:
1223 2032 1344 2060 «Mittite
1361 2032 1446 2059 virum
1462 2032 1543 2059 istum
1559 2031 1586 2058 in
1605 2040 1755 2066 carcerem,
1771 2035 1797 2059 et

1053 2081 1202 2105 sustentate
1227 2086 1289 2105 eum
1314 2086 1382 2113 panc
1403 2076 1585 2104 tribulationis
1605 2080 1631 2104 et
1654 2084 1724 2113 aqua
1748 2084 1796 2104 an-

1053 2122 1159 2158 gustiae
1177 2132 1200 2149 n.

1091 2168 1123 2195 12
1139 2168 1212 2195 Hane
1223 2167 1301 2194 Sili-ei
1312 2167 1327 2193 ii
1342 2167 1514 2201 sententiam,
1528 2173 1596 2202 qnae
1609 2174 1624 2193 a
1638 2165 1729 2192 multis
1745 2166 1797 2194 sal—

1055 2217 1109 2241 tem
1129 2216 1254 2249 suspecta
1274 2212 1399 2245 babetur,
1419 2211 1538 2239 Bercast.
1560 2211 1586 2238 in
1609 2210 1719 2238 dubium
1743 2218 1796 2238 non

1054 2263 1172 2287 revocat.

1093 2305 1124 2330 13
1145 2303 1182 2330 Ex
1198 2304 1207 2329 Ι
1224 2300 1347 2330 Corinth,
1366 2309 1421 2334 xm,
1437 2301 1482 2327 Ἦ.

1093 2349 1123 2376 14
1143 2359 1154 2372 κ
1172 2348 1227 2374 Nec
1240 2347 1338 2382 salsos,
1359 2354 1409 2372 nec
1426 2348 1564 2380 suspectos
1584 2348 1764 2373 accusatores
1782 2354 1793 2370 t>

1055 2394 1132 2421 Cont.
1150 2394 1243 2419 Const.
1262 2399 1324 2418 mss.
1343 2399 1403 2417 cum
1424 2390 1502 2418 codd.
1524 2390 1589 2417 ¹344
1606 2393 1632 2417 et
1647 2390 1726 2416 379¹.

1093 2438 1125 2465 15
1141 2450 1152 2462 u
1174 2438 1318 2465 L'llatenns
1334 2446 1345 2459 υ
1369 2436 1445 2462 Cont.
1464 2435 1553 2462 Const·
1570 2443 1633 2461 mss.
1659 2443 1719 2461 cum
1736 2434 1794 2462 cod.

1056 2484 1136 2511 3791.

1094 2529 1125 2554 its
1142 2538 1153 2552 α
1169 2526 1327 2554 Intercidi»
1348 2524 1387 2552 Id.
1406 2534 1467 2552 cum
1483 2524 1539 2552 citt.
1558 2524 1636 2551 codd.

1094 2572 1124 2598 17
1142 2582 1152 2595 (ι
1167 2570 1240 2602 Quae
1257 2574 1409 2605 sequuntur
1426 2570 1522 2605 partim
1537 2578 1567 2596 ex
1584 2569 1683 2602 Leone,
1702 2568 1797 2604 partim

1056 2625 1087 2643 ex
1108 2615 1193 2643 Bonis.
1210 2615 1328 2651 Magunt.
1347 2614 1506 2650 deprompta
1521 2625 1546 2640 n.
1565 2614 1640 2642 Cont.
1663 2614 1752 2641 Const.
1770 2613 1796 2641 in

1056 2669 1120 2688 mss.

1815 244 1868 271 An.
1886 242 1915 272 C.
1931 242 1983 271 53ss

1842 626 1927 655 Silvosi!
1938 631 1986 646 cuu-

1802 654 1887 674 stanna.

1842 1105 1915 1126 falsos
1927 1107 1991 1126 testes

1807 1132 1840 1153 vel
1852 1133 1947 1153 inimico<
1958 1140 1991 1151 <¹1-

1807 1161 1892 1185 spectos
1902 1165 1942 1179 nou
1954 1160 1992 1180 ud-

1808 1186 1921 1207 mittendos
1941 1192 1993 1207 con-

1808 1215 1840 1234 tra
1851 1213 1970 1240 episcopos.
