2244 3183
46 227 96 255 An.
117 226 147 253 C.
159 225 210 253 449

75 802 170 824 Dioscuri
185 807 232 828 per-

49 829 120 851 fidiam
128 835 152 860 e}
160 829 232 850 uitato

50 858 163 884 cognoscit.

72 1180 173 1201 Laetatur
181 1180 236 1207 quod

53 1209 178 1230 Anastasius
187 1209 207 1229 in
218 1213 239 1229 ο-

53 1237 86 1257 ius
96 1236 186 1256 furorem
198 1241 238 1256 uon

54 1262 159 1283 inciderit,

63 1713 152 1736 Pei-iculi
161 1718 239 1742 tempo-

58 1747 80 1763 re
95 1741 176 1763 fortiter
194 1749 239 1764 cer-

58 1768 150 1790 tandum.

109 2142 242 2165 Anastasium

62 2172 172 2194 “etiami
180 2171 200 2192 in
209 2177 242 2192 ca-

62 2198 112 2219 thol.
134 2199 174 2219 tide
196 2204 242 2225 per-

899 219 925 243 S.
949 217 1012 242 LEO
1033 217 1044 241 1
1063 217 1114 241 PP.

452 270 643 306 EPISTOLA
662 269 740 302 XXX
757 268 776 301 ¹.

243 370 418 404 Anastasio
443 368 650 412 yratulatnr,
681 365 766 410 quod
794 365 901 408 ipsum
933 373 986 406 op-

328 414 481 457 portianis
501 413 588 445 curis
616 411 791 443 distentum
819 409 858 441 ab
883 408 987 450 Ephe-

331 459 405 491 sina
436 457 557 501 synodo
588 456 702 488 (lirina
726 464 845 487 manns
874 452 986 496 prohi-

332 503 456 542 buerit,
480 501 625 535 eumdem
646 500 688 532 acl
707 499 815 532 animi
838 500 987 530 constan-

335 548 413 580 tiam
437 547 598 579 hortatur.

244 629 301 656 Leo
316 628 456 662 episcopo
469 627 552 654 urhis
567 627 674 653 Romae
692 623 887 652 dilectissimo
900 621 988 650 fratri

315 680 474 710 Anastasio
489 680 629 715 episcopo
643 677 916 707 Thessalonicensi.

291 754 364 788 CAP.
389 754 413 786 Ι.
436 753 597 792 Quantum
614 750 768 785 relatione
788 748 886 782 Hilari
915 747 986 781 dia-

248 807 319 841 coni
332 806 432 841 nostri
447 805 665 850 cognovimus,
682 814 835 847 magnum
854 802 988 842 facinus,

247 859 458 894 Alexandrino
480 860 629 903 episcopo
649 863 779 891 auctore
800 856 847 890 vel
872 865 987 889 execu-

247 921 328 955 tore,
348 913 555 947 commissum
574 918 636 946 est:
658 917 693 944 ut
713 911 788 944 dum
809 909 842 942 in
862 910 991 942 fratrem

247 973 393 1001 nostrum
415 966 599 999 Flavianum
624 971 743 998 veteres
763 962 992 997 aemulationes

248 1026 280 1054 et
302 1019 376 1053 odia
392 1019 512 1063 privata
530 1017 729 1058 desaeviunt,
753 1027 811 1049 nec
833 1015 989 1048 innocen—

249 1074 312 1107 tiae
342 1071 557 1117 probatissimi
589 1071 781 1112 sacerdotis,
814 1080 873 1102 nec
904 1069 991 1103 chri-

250 1127 372 1161 stianae
404 1125 479 1159 fidei
511 1131 706 1169 parceretur.
735 1124 825 1158 Unde
857 1123 993 1156 multum

252 1179 414 1214 dilectioni
445 1185 517 1212 tuae
548 1178 827 1222 congratulamur,
850 1175 937 1220 quod
966 1181 995 1208 te

254 1233 293 1266 ad
313 1233 400 1266 illam
421 1233 578 1277 synodum
604 1233 649 1265 ire
671 1231 851 1276 cupienten]
873 1240 995 1274 oppor-

255 1286 340 1320 tunis
368 1286 540 1319 obstaculis
560 1296 673 1318 manus
698 1284 802 1318 divina
831 1281 992 1322 detinuit,

253 1350 293 1374 ne
311 1340 516 1374 abstenturus
536 1338 649 1383 procul
667 1337 764 1371 dubio
789 1348 805 1370 a
825 1341 913 1370 tanto
927 1346 996 1370 sce-

253 1393 318 1427 lere
338 1394 476 1437 indignis
500 1393 626 1426 iniuriis
642 1392 834 1430 subiaceres‚
849 1395 880 1423 et
896 1389 996 1422 furori

251 1445 351 1490 impio
371 1446 538 1485 militibus,
557 1451 713 1489 quantum
734 1444 919 1482 didicimus,
941 1454 994 1475 ar-

252 1500 375 1544 misque
389 1499 519 1533 suffulto
536 1498 694 1532 contraire
711 1508 775 1531 non
789 1495 998 1541 posses.Quia

252 1564 328 1598 ergo
344 1553 492 1598 prorupit
510 1553 541 1585 in
562 1558 709 1596 apertum
723 1551 733 1567 ⁹
750 1551 896 1594 perfidia,
917 1560 998 1592 quae

253 1606 392 1648 latebat,
425 1612 456 1640 et
483 1606 515 1639 in
547 1605 807 1639 nefandissimam
843 1602 999 1637 haeresim

253 1661 349 1695 unius
381 1660 610 1705 imperitissimi
642 1660 726 1693 senis
751 1659 889 1692 asseclae
913 1663 1000 1691 tran-

255 1715 396 1756 sierunt,
425 1721 551 1759 tempus
570 1714 768 1758 probationis
792 1719 919 1747 nostrae
940 1712 997 1745 de-

254 1768 367 1802 bemus
388 1778 578 1812 agnoscere,
597 1773 627 1800 et
646 1773 757 1800 contra
776 1767 914 1811 impetus
938 1765 997 1798 ad-

255 1822 448 1856 versantium
470 1820 703 1855 munitionibus
724 1820 912 1854 caelestibus
928 1819 999 1853 freti

255 1876 527 1910 incommutabilis
551 1875 649 1908 animi
677 1874 888 1909 constantiam
911 1885 1001 1918 prae-

256 1940 378 1973 parare.
415 1929 558 1970 Scimus,
587 1930 684 1962 frater
719 1928 897 1966 carissime,
926 1927 1001 1970 quia

256 1988 457 2017 sacramento
484 1992 618 2027 magnae
646 1981 772 2026 pietatis
800 1991 875 2014 suae
900 1980 1002 2014 aderit

257 2036 363 2070 divina
387 2037 556 2080 protectio.

302 2090 374 2124 CAP.
396 2090 434 2122 ΙΙ.
455 2089 486 2122 Si
510 2088 588 2132 quid
606 2088 703 2132 igitur
719 2088 908 2122 fraternitati
929 2092 1001 2121 tuac

258 2143 297 2177 de
310 2142 416 2187 impiis
426 2142 707 2177 constitutionibus
720 2142 813 2176 fucrit
827 2142 998 2185 ingestum,

258 2203 473 2242 protestamur
493 2197 613 2239 pariter
633 2207 668 2230 ac
693 2205 872 2235 monemus,
896 2206 935 2229 ne
955 2194 1002 2228 vel

297 2314 306 2341 1
330 2312 367 2340 Ex
390 2313 455 2340 edit.
476 2312 600 2340 Balierin.
624 2312 694 2347 Opp.
720 2312 749 2339 S.
772 2311 875 2339 Leonis
896 2314 961 2338 tom.
983 2316 1001 2345 1,

261 2358 312 2386 col.
328 2358 391 2385 929.

262 2438 268 2465 Ι
298 2402 314 2429 2
335 2402 434 2465 «¹Aliq.
452 2402 532 2430 codd.
550 2401 676 2429 omittunt
701 2401 732 2428 in
747 2404 878 2436 apertum
894 2412 920 2427 n.
942 2399 1002 2427 Bal-

273 2447 343 2465 erm.
371 2460 377 2466 .
399 2447 422 2465 c.

296 2483 313 2509 3
331 2482 451 2509 Caeciar.
467 2482 537 2517 Opp.
560 2482 590 2509 S.
618 2482 719 2508 Leonis
734 2484 805 2516 part.
827 2487 853 2513 11,
870 2489 932 2516 pag.
954 2480 1001 2507 187

263 2518 295 2545 in
311 2518 497 2546 damnatione
517 2522 542 2544 et
556 2517 619 2544 infr.
635 2518 667 2544 in
684 2517 853 2551 receptione.

298 2563 315 2589 4
330 2562 450 2589 Cacciar.
467 2563 486 2589 l.
503 2571 527 2589 c.
548 2562 670 2589 Domini
684 2562 792 2595 nostri,
810 2569 889 2596 quam
905 2561 1004 2588 lectio-

264 2606 324 2625 nem
340 2598 464 2625 omnibus
480 2597 594 2633 exempl.
612 2601 669 2624 tum
682 2596 760 2624 editis
780 2601 836 2624 tum
853 2605 915 2624 mss.
931 2605 1005 2624 com-

265 2641 372 2662 munem
389 2633 538 2661 contendit.
991 2640 995 2641 ⁷

1693 199 1735 233 55
1798 207 1849 234 An.
1869 206 1898 234 e.
1914 206 1965 233 449

1020 264 1314 297 inflammationem
1337 262 1348 279 ³
1364 261 1468 296 fratris
1492 260 1639 301 insontis,
1662 259 1709 293 vet
1734 257 1765 289 in
1781 267 1966 305 ‚sveranssmm

1021 318 1235 361 receptionem
1265 316 1375 350 nefarii
1398 316 1556 358 dogmatis
1575 322 1766 349 consensum
1782 297 1898 316 ⁰⁰⁰¹¹¹mek

1022 371 1066 403 tui
1083 370 1190 404 cordis
1208 370 1398 403 immisceas
1416 369 1515 402 Maior
1532 374 1578 401 est
1597 367 1696 406 enim,
1713 364 1768 408 qui

1021 424 1053 456 in
1073 423 1165 456 nobis
1183 428 1240 462 est,
1260 434 1355 466 quam
1374 423 1428 466 qui
1446 423 1596 455 adversus
1616 431 1685 453 nos.
1707 420 1768 451 An-

1022 477 1123 510 nitere
1149 477 1275 520 potius,
1301 481 1454 519 quantum
1486 481 1514 509 te
1542 476 1608 519 ipse
1635 479 1768 506 naturae
1799 480 1968 527 ”Mugilano-³¹2

1023 537 1149 565 nostrae
1165 536 1332 574 susceptor
1346 536 1374 563 et
1390 529 1587 572 glorificator
1600 526 1766 566 adiuverit,
1783 513 1968 571 geus3fiua=11qlii

1023 590 1057 617 ut
1075 585 1218 618 omnium
1235 585 1369 617 fratrum
1383 588 1566 616 nostrorum
1582 580 1680 615 corda
1694 590 1770 613 con·
1783 563 1831 581 sum
1842 563 1914 580 mm
1925 566 1969 580 Μ’

1023 637 1142 672 firmes.
1163 637 1260 671 Nobis
1277 636 1363 671 enim
1389 636 1428 669 ab
1446 635 1617 678 Evangelio
1638 644 1771 678 genera-

1024 690 1119 724 tionis
1137 697 1167 724 et
1185 691 1297 724 mortis
1311 701 1346 724 ac
1361 688 1604 723 resurrectionis
1621 685 1748 720 Domini
1760 686 1770 702 ⁴
1826 693 1864 724 oui
1880 693 1969 739 vcasm—sii-

1024 743 1095 778 Iesu
1116 744 1227 779 Christi
1247 745 1430 778 nullatenus
1450 741 1687 779 recedentibus,
1710 739 1768 772 de-
1786 720 1972 769 {ie‘niffffssussssiiffi

1748 793 1753 798 .
1787 779 1797 793 e
1807 773 1971 798 StuiisApmm-

1026 797 1240 832 finitissimum
1259 804 1303 831 est
1330 797 1362 830 in
1387 802 1515 830 nostrae
1536 793 1772 829 communionis
1787 800 1971 847 fffflffgleemar·

1025 862 1160 886 numero
1192 862 1257 886 non
1281 851 1406 884 futuros
1431 861 1496 890 eos⁷
1531 849 1584 892 qui
1617 852 1774 880 conantur

1027 906 1157 949 antiqua
1174 905 1350 939 catholicae
1372 904 1446 937 fidei
1473 902 1682 936 fundamenta
1701 910 1775 933 con-

1027 959 1152 993 vellere.

1070 1014 1263 1048 Data-tertio
1287 1013 1358 1046 idus
1386 1011 1543 1050 octobris,
1565 1008 1691 1043 Asturio
1711 1008 1721 1024 ⁵
1746 1013 1777 1041 et

1029 1068 1205 1110 Protogene
1226 1066 1301 1100 viris
1322 1064 1509 1099 clarissimis
1530 1061 1729 1097 consulibus.

1063 1130 1125 1157 Dat.
1149 1130 1182 1157 13
1201 1129 1320 1157 octobris
1339 1137 1384 1155 an.
1402 1128 1461 1155 tto.

1230 1281 1423 1315 EPISTOLA
1442 1279 1535 1313 XXXI
1553 1279 1573 1312 ⁸.

1030 1362 1227 1406 Ephesinam
1252 1362 1439 1394 seditionem
1461 1371 1531 1392 cum
1554 1358 1687 1392 Iuliano
1707 1368 1780 1390 con-

1074 1411 1205 1450 questus
1225 1409 1259 1440 ῖη
1277 1416 1392 1438 causae
1414 1405 1546 1437 veritate
1566 1402 1709 1445 confidit,
1736 1402 1779 1434 il-

1077 1452 1165 1495 lique
1186 1462 1245 1494 per
1266 1451 1400 1483 latorem
1421 1448 1573 1493 epistolae
1603 1447 1775 1480 consilium

1076 1506 1172 1529 suum
1192 1495 1309 1539 aperit.

1050 1586 1106 1614 Leo
1129 1586 1245 1613 Iuliano
1265 1585 1352 1612 fratri
1372 1587 1402 1612 et.
1422 1583 1598 1617 coepiscopo
1619 1582 1760 1609 salutem.

1808 1655 1823 1675 E
1833 1653 1906 1680 synodi
1918 1651 1978 1679 perti·

1078 1657 1239 1701 Cognitis,
1262 1667 1344 1700 quae
1376 1655 1461 1700 apud
1492 1655 1651 1698 Ephesum
1684 1653 1778 1686 unius
1794 1681 1979 1702 memmi-satur,

1034 1711 1173 1745 hominis
1187 1710 1448 1754 praesumptione
1462 1714 1532 1741 sunt
1548 1714 1646 1751 gesta,
1663 1716 1779 1750 magno

1035 1765 1164 1810 quidem
1189 1765 1300 1799 dolore
1316 1764 1421 1797 affecti
1438 1773 1549 1796 sumus
1566 1762 1603 1795 de
1622 1761 1680 1802 his,
1699 1772 1780 1805 quae

1035 1819 1141 1864 impie,
1164 1819 1349 1862 furioseque
1367 1817 1536 1851 commissa
1557 1821 1650 1856 sunt·,
1669 1815 1723 1848 sed
1742 1815 1780 1848 ad

1036 1874 1206 1907 Dominum
1226 1879 1373 1907 nostrum
1397 1872 1406 1888 ⁷
1431 1871 1556 1904 animos
1581 1869 1779 1912 dirigentes,

1037 1928 1168 1961 multam
1194 1927 1348 1960 fiduciam
1374 1925 1412 1959 ab
1442 1925 1522 1969 ipsa,
1548 1934 1642 1967 quam
1673 1923 1781 1966 sequi·
1797 1919 1981 1968 ωιξξζζζξῆῗζῗξξ

1036 1993 1120 2021 mur,
1147 1981 1278 2015 veritate
1304 1979 1513 2023 concipimus,
1540 1987 1605 2011 non
1626 1976 1777 2010 omittcu-
1796 1977 1847 1996 ²²²⁰-

1038 2042 1082 2070 tes
1115 2036 1222 2070 onmia
1246 2044 1360 2078 agere,
1389 2043 1489 2076 quac,
1523 2031 1694 2065 auxiliante
1726 2030 1781 2063 Dei

1036 2091 1160 2134 gratia,
1196 2088 1359 2122 credimus
1392 2087 1570 2130 profutura.
1596 2085 1780 2118 Tenendum
1798 2079 1981 2133 ffgffwssssssssi'iiss]

1037 2154 1112 2188 ergo
1141 2143 1234 2176 nobis
1261 2148 1319 2180 est,
1347 2141 1434 2184 quod
1467 2146 1625 2179 tenemus,
1644 2144 1685 2179 et,
1713 2148 1781 2171 sae·
1798 2133 1982 2185 P32⁹³,{{²2‘2‚¹,¹13¹122

1036 2198 1140 2233 viente
1165 2197 1262 2231 unius
1292 2195 1427 2229 turbinis
1446 2193 1624 2239 ⁸p1·oeclla,
1646 2192 1782 2226 serenis-

1798 2188 1880 2210 ctonvla.

1072 2313 1088 2340 5
1103 2312 1223 2339 Cacciar.
1240 2311 1258 2338 l.
1281 2320 1305 2338 c.
1323 2310 1446 2339 Asteria.

1072 2371 1088 2398 6
1103 2370 1139 2397 Ex
1160 2369 1224 2396 edit.
1248 2368 1374 2396 Ballerin.
1400 2369 1471 2403 Opp.
1496 2367 1525 2395 S,
1553 2366 1654 2394 Leonis
1674 2368 1741 2393 tom.
1760 2371 1780 2398 t⁷

1038 2419 1090 2447 col.
1107 2419 1172 2446 930.

1074 2475 1088 2501 7
1105 2474 1222 2501 Cacciar.
1248 2473 1321 2507 Opp.
1342 2472 1372 2499 S.
1396 2471 1494 2499 Leonis
1510 2474 1578 2506 part.
1596 2477 1624 2503 11,
1640 2477 1701 2504 pag.
1733 2467 1781 2493 188

1037 2527 1158 2551 nostros.
1179 2522 1238 2549 vid.
1260 2531 1291 2549 ca
1307 2522 1340 2548 de
1356 2530 1385 2548 re
1406 2520 1533 2548 Ballerin.
1551 2520 1569 2547 l.
1587 2528 1610 2546 c.

1073 2583 1089 2609 8
1104 2581 1224 2609 Cacciar.
1241 2580 1259 2607 l.
1276 2588 1299 2607 c.
1319 2580 1406 2608 unius
1422 2578 1553 2608 turbidae
1570 2578 1663 2604 nubis.
1698 2576 1777 2603 Forte

1039 2631 1138 2658 rectius
1158 2639 1185 2657 n.
1201 2630 1292 2658 lectio.
