2244 3183
189 207 240 235 An.
256 207 286 235 C.
305 205 358 235 535

271 1974 386 1998 Sanguinis

204 2002 280 2022 Christi
289 2004 386 2028 pretium.

421 194 485 229 5⁶22

907 201 1067 226 APPENDlx
1090 200 1243 225 BULLARII
1267 200 1391 224 Romam

388 260 419 289 et
438 252 536 288 talia¹
558 253 772 287 assertionum
794 250 964 293 sacrilegia
989 259 1128 283 concor-
1165 249 1261 293 (sicut
1279 249 1450 293 Apostolus
1471 249 1536 292 ait):
1563 250 1624 284 Ubi
1643 250 1823 284 abundavit
1838 262 1908 296 pec-

389 308 482 342 dihus
525 317 584 351 per
621 312 724 339 totum
761 305 920 338 mundum
960 303 1130 337 beatorum

388 362 520 395 Patrum
542 360 664 394 dudum
684 364 760 393 sunt
781 359 933 392 damnata
950 356 1129 397 sententiis;

388 425 453 448 non
464 414 598 448 dubium
613 418 670 453 est,
681 423 751 446 eam
764 422 822 445 nos
835 411 932 445 fidem
942 409 1132 454 praedicare

389 473 484 512 atque
514 466 712 506 defendere,
745 475 843 509 quam
868 463 969 497 saneti
995 463 1132 507 apostoli

389 521 581 559 docuerunt,
598 524 628 553 et
645 519 802 552 hactenus
823 528 949 558 eorum,
973 527 1130 551 suorum-

390 585 452 618 que
483 583 708 607 successorum
747 582 886 616 sequens
918 576 1029 604 sancta
1054 570 1134 604 haee

389 629 534 662 Romana
555 632 585 660 et
598 625 781 671 Apostolica
794 624 936 659 Ecclesia
951 624 1133 658 doctrinam

391 680 491 714 tenuit
509 690 546 713 ae
567 685 663 720 tenet,
688 679 844 713 docuitet
868 678 973 712 docet.
1000 677 1031 712 Si
1057 677 1131 722 qui-

390 735 464 768 dam
492 733 579 767 enim
605 733 649 766 ita
675 739 750 766 sunt
778 732 958 773 obcoecati,
982 737 1013 765 et
1037 742 1054 764 a
1078 731 1130 764 lu—

390 787 477 821 mine
509 787 627 827 alieni,
661 791 697 820 ut
721 785 816 820 Verbi
853 785 908 820 Dei
939 796 957 818 a
986 790 1135 829 tempore

390 840 637 875 incarnationis²
650 840 810 883 denegent
823 839 1005 880 veritatem;
1022 844 1131 872 osten-

391 895 489 935 dant,
522 893 553 926 in
585 904 650 937 quo
675 892 734 926 sibi
767 892 981 927 Christianum
1015 902 1135 925 nomen

390 951 558 991 usurpent,
575 952 691 979 etcum
718 946 885 989 evangelio
910 945 1052 980 veritatis
1072 956 1135 990 qua

392 1001 516 1035 ratione
536 1000 746 1041 concordent,
770 1000 795 1034 si
816 1011 875 1045 per
894 1000 1036 1043 Virginis
1055 1011 1132 1044 par-

392 1061 459 1089 tum
481 1061 536 1088 aut
561 1064 637 1087 caro
658 1054 727 1087 sine
744 1054 874 1095 deitate,
898 1060 953 1087 aut
974 1054 1076 1087 deitas
1089 1059 1133 1087 est

393 1114 462 1142 orta
487 1108 555 1142 sine
576 1118 682 1141 carne.
711 1107 800 1141 Sicut
825 1106 911 1140 enim
937 1107 1048 1150 negari
1070 1117 1135 1140 non

392 1167 498 1207 potest
511 1161 720 1204 (evangelista
735 1161 875 1204 dicente)
894 1161 981 1205 quod
999 1161 1137 1194 Verbum

394 1227 467 1250 caro
491 1216 615 1259 factum
640 1219 696 1256 cst,
720 1219 748 1247 e!
770 1214 934 1247 habitarit
959 1215 994 1247 in
1014 1213 1133 1254 720211⁷S³,

395 1269 438 1302 ita
462 1268 572 1311 negari
604 1278 669 1300 non
705 1272 811 1311 potest
842 1267 959 1311 (beato
985 1267 1136 1310 Apostolo

394 1323 494 1356 Paulo
523 1321 753 1367 praedicante)
781 1320 868 1365 quocl
897 1321 982 1353 Deus
1007 1324 1075 1352 erat
1102 1320 1137 1352 ῖη

397 1376 524 1411 Clu-isto
566 1375 728 1408 mundum
770 1375 986 1408 reconcilians
1024 1374 1086 1407 sibi
1112 1374 1132 1407 ⁴.

395 1430 482 1469 Quae
507 1434 615 1463 autem
651 1428 875 1462 reconciliatio
911 1438 980 1461 esse
1015 1433 1134 1472 posset,

395 1495 459 1528 qua
472 1484 615 1517 humano
630 1482 739 1526 generi
758 1482 1029 1527 repropitiaretur
1040 1483 1134 1523 Deus,

395 1538 420 1572 si
441 1537 583 1571 hominis
597 1547 726 1571 causam
742 1537 903 1571 mediator
922 1536 977 1570 Dei
992 1536 1139 1570 etliomi-

396 1601 473 1624 num
501 1601 566 1624 non
587 1590 789 1634 susciperet?
820 1590 888 1629 Qua
912 1600 987 1622 vero
1012 1588 1138 1622 ratione

396 1645 563 1679 veritatem
590 1644 780 1678 mediatoris
805 1643 918 1688 implet
929 1644 950 1683 ⁵,
981 1642 1042 1676 nisi
1063 1643 1139 1687 quia

398 1699 452 1743 qui
478 1698 509 1732 in
531 1698 636 1732 forma
660 1697 715 1731 Dei
740 1697 883 1742 aequalis
911 1702 956 1730 est
980 1695 1083 1736 Patri,
1107 1695 1138 1728 in

398 1752 502 1786 forma
521 1751 602 1786 servi
622 1751 784 1796 particeps
805 1756 888 1785 esset
913 1756 944 1784 et
963 1749 1082 1790 nostri,
1105 1754 1141 1782 ut

400 1806 513 1840 mortis
537 1806 715 1847 vinculum,
742 1805 838 1839 unius
863 1804 1141 1849 praevaricatione

400 1865 614 1902 contractum,
628 1859 726 1893 unius
740 1864 856 1899 morte,
871 1858 926 1902 qui
944 1858 1031 1891 solus
1045 1858 1140 1891 morti

400 1914 479 1946 nihil
492 1913 614 1954 debuit,
626 1913 821 1946 solveretur?
838 1912 956 1946 Effusio
970 1911 1054 1944 enim
1070 1912 1141 1945 iusti

401 1966 567 2010 sanguinis
588 1965 707 1999 Christi
726 1971 790 1998 tam
819 1965 877 1998 suit
899 1966 986 1998 dives
1006 1965 1045 1998 ad
1070 1976 1143 2008 pre‘

402 2021 480 2054 tium
497 2048 504 2061 ,
533 2026 567 2054 ut
595 2020 620 2053 si
658 2019 850 2053 universitas
886 2019 1084 2064 captivorum
1111 2019 1142 2052 in

402 2075 641 2118 redemptorem
678 2084 771 2106 suum
808 2073 954 2106 erederet
973 2100 980 2114 ,
1019 2073 1142 2106 nullum

402 2129 522 2163 diaboti
558 2128 722 2162 vinculum
757 2127 945 2161 1·etineret⁶.
985 2127 1142 2167 Quoniam

439 2246 449 2271 1
469 2244 546 2272 Cont.
562 2244 653 2271 Const.
671 2252 736 2270 mss.
753 2243 852 2279 corrig.
870 2243 985 2271 talium.

404 2319 422 2347 C
438 2285 455 2311 2
471 2294 481 2310 α
494 2284 586 2311 Verbo
596 2284 680 2312 Dei...
697 2284 831 2311 humanae
847 2283 936 2311 carnis
951 2283 1140 2318 denegent...»

425 2320 454 2347 it.
471 2328 514 2355 ep.

440 2359 456 2386 3
472 2359 562 2386 loann.
579 2368 596 2392 1,
612 2360 652 2385 14.

441 2401 457 2426 ά
473 2399 494 2426 ll
510 2400 571 2427 Cor.
588 2407 613 2434 v,
630 2400 672 2432 19,
694 2399 740 2426 ubi
760 2399 848 2434 legin:
869 2398 1009 2432 Quoniam
1028 2399 1143 2434 quidem

406 2436 479 2463 Deus
494 2438 558 2463 era!
572 2435 605 2462 in
621 2434 732 2462 Christo

441 2476 457 2503 5
473 2475 511 2502 lta
527 2478 553 2501 et
568 2474 627 2501 eod.
645 2474 731 2505 134&
748 2473 794 2501 sed
811 2474 887 2501 Cont.
898 2473 989 2501 Const.
1000 2483 1066 2501 mss.
1079 2478 1145 2502 rect.

408 2512 506 2545 corrig.
527 2511 668 2544 impleret,
689 2513 718 2535 ut
733 2509 759 2535 in
776 2509 820 2536 eit.
837 2517 879 2544 ep.
899 2509 1004 2536 Leonis.

442 2547 459 2573 6
475 2546 512 2572 ld.
528 2546 611 2572 nulla
627 2545 738 2572 diaboli
754 2545 869 2571 vincula
883 2546 1051 2573 retinerent.

444 2581 457 2607 7
475 2581 550 2608 Rom.
573 2588 599 2615 v,
620 2580 665 2612 ΞΟ,
686 2580 712 2607 in
752 2587 784 2607 uo
804 2580 894 2615 legit.:
920 2581 969 2607 ubi
991 2580 1149 2608 abundavit

408 2616 555 2650 delictum,
570 2588 812 2652 superabundavit
827 2616 935 2650 qratia.

1165 306 1297 343 catum,
1338 302 1618 346 superabundavit
1642 307 1671 336 et
1694 305 1807 347 qratia
1823 305 1844 338 ⁷.
1871 306 1909 340 Et

1166 366 1239 389 eum
1251 355 1310 388 sub
1328 355 1452 400 peccati
1469 355 1671 400 praeiudicio
1689 356 1755 390 nati
1768 363 1909 401 potesta-

1166 415 1229 443 tem
1247 409 1431 453 acceperint
1459 410 1499 443 ad
1529 409 1682 443 iustitiam
1705 412 1906 453 renascendi,

1166 463 1302 497 validius
1315 463 1435 497 sactum
1449 469 1497 497 est
1508 464 1629 497 donum
1643 464 1800 498 libertatis
1813 475 1910 510 quam

1167 516 1313 551 debitum
1339 517 1511 551 servitutis.
1532 517 1634 558 Quam
1663 517 1772 563 itaque
1792 518 1852 552 sibi
1877 518 1911 553 in

1166 570 1263 604 huius
1288 571 1482 605 sacramenti
1503 571 1666 615 praesidio
1694 582 1783 616 spem
1805 572 1907 606 relin-

1168 630 1293 668 quunt,
1328 624 1383 669 qui
1409 624 1440 657 in
1466 624 1631 658 Salvatore
1655 630 1767 659 nostro
1791 631 1913 668 negant

1168 677 1302 711 humani
1328 678 1475 722 corporis
1496 678 1687 712 veritatem?
1710 678 1826 713 Dicant
1846 689 1912 723 quo

1168 730 1328 765 sacrificio
1363 731 1580 773 reconciliati,
1597 732 1608 749 ⁸
1647 742 1712 777 quo
1755 733 1913 776 sanguine

1168 791 1243 819 sunt
1278 785 1437 830 redempti
1455 786 1471 818 Ἴ
1495 785 1572 826 Quis
1593 791 1642 820 est
1665 786 1720 831 (ut
1739 787 1912 831 Apostolus

1168 838 1228 882 ait)
1254 838 1308 883 qui
1328 838 1468 872 tradidit
1490 844 1586 873 semet
1609 841 1718 884 ipsum
1740 851 1801 885 pro
1821 840 1913 875 nobis

1167 893 1365 927 oblationem
1395 899 1424 927 et
1452 894 1593 927 hostiam
1626 894 1690 928 Deo
1718 894 1755 928 in
1783 894 1913 930 odorem

1168 948 1391 980 suavitatz·s⁹f>
1415 948 1477 982 Aut
1501 948 1588 992 quod
1600 946 1622 965 ¹⁰
1645 958 1789 992 unquam
1813 948 1912 982 sacri-

1169 1001 1279 1034 ficium
1306 1001 1365 1034 suit
1383 1001 1553 1043 sacratius,
1583 1011 1679 1046 quam
1706 1002 1794 1046 quod
1819 1013 1913 1037 verus

1169 1059 1200 1088 ct
1232 1059 1382 1088 aeternus
1417 1055 1558 1099 pontifex
1590 1055 1682 1088 altari
1714 1055 1819 1089 crucis
1855 1066 1914 1099 per

1170 1108 1427 1142 immolationem
1449 1119 1525 1142 suae
1540 1108 1645 1142 carnis
1665 1108 1848 1152 imposuit?
1872 1109 1915 1143 In

1169 1165 1339 1205 conspectu
1361 1162 1497 1195 Domini
1517 1162 1662 1205 pretiosa
1696 1172 1782 1195 mors
1813 1163 1914 1195 iusso-

1170 1225 1245 1248 rum
1264 1216 1329 1259 fnit
1344 1214 1377 1248 ¹¹:
1404 1215 1524 1248 nullius
1546 1221 1652 1248 tamen
1675 1215 1810 1249 insontis
1827 1215 1914 1250 occi-

1170 1268 1217 1301 sio
1242 1269 1423 1313 redemptio
1456 1268 1515 1302 suit
1550 1269 1675 1302 mundi.
1713 1270 1916 1314 Acceperunt

1171 1322 1256 1363 iusti,
1280 1332 1345 1355 non
1366 1322 1526 1355 dederunt
1551 1333 1700 1356 coronas,
1723 1323 1766 1357 De
1787 1323 1916 1357 sortitu-

1171 1375 1245 1408 dine
1270 1375 1416 1408 fidelium
1435 1375 1582 1419 exempla
1603 1382 1679 1409 nata
1697 1381 1772 1410 sunt
1791 1375 1917 1420 patien-

1172 1429 1244 1470 tiae,
1257 1439 1322 1463 non
1337 1429 1421 1462 dona
1435 1428 1584 1462 iustitiae.
1598 1428 1783 1472 Singulares
1796 1421 1916 1475 quippe

1173 1483 1203 1516 in
1235 1483 1369 1526 singulis
1390 1488 1510 1516 mortes
1534 1483 1674 1523 suerunt,
1702 1493 1762 1516 nee
1782 1483 1916 1517 alterius

1173 1536 1342 1581 quisquam
1376 1536 1520 1569 debitum
1552 1546 1610 1570 suo
1646 1535 1710 1569 fine
1740 1536 1913 1580 persolvit;

1173 1600 1245 1623 cum
1266 1589 1366 1623 Filius
1379 1589 1520 1623 hominis
1530 1588 1551 1606 ¹²
1563 1600 1647 1623 unus
1661 1590 1748 1623 solus
1761 1589 1917 1624 Dominus

1173 1649 1282 1677 noster
1298 1644 1385 1676 Iesus
1399 1643 1553 1684 Christus,
1571 1643 1626 1688 qui
1642 1653 1716 1676 vere
1734 1653 1835 1686 agnus
1849 1649 1918 1677 erat

1173 1698 1421 1738 immaculatus,
1457 1697 1616 1739 extiterit,
1642 1697 1674 1730 in
1706 1707 1771 1742 quo
1802 1707 1916 1732 omnes

1174 1751 1329 1792 crucifixi,
1353 1761 1466 1785 omnes
1491 1750 1625 1792 mortui,
1653 1761 1766 1784 omnes
1787 1750 1915 1796 sepulti,

1174 1815 1286 1838 omnes
1311 1811 1386 1838 sunt
1417 1804 1514 1838 etiam
1549 1803 1704 1838 suscitati.
1732 1804 1776 1838 De
1801 1804 1919 1848 quibus

1176 1859 1242 1902 ipse
1280 1853 1428 1892 dicebat:
1467 1858 1550 1892 Cum
1585 1857 1749 1891 exaltatus
1779 1858 1870 1901 suero
1899 1869 1920 1891 a

1177 1917 1274 1953 terra,
1287 1913 1399 1945 omnia
1414 1913 1545 1945 traham
1559 1912 1601 1945 ad
1614 1911 1814 1956 meipsum¹³.
1827 1911 1919 1946 Fides

1177 1966 1293 1998 etenim
1308 1966 1484 1999 iustificans
1496 1965 1623 2009 impios,
1637 1971 1668 1998 et
1683 1975 1795 1999 creans
1809 1966 1919 2008 iustos,

1177 2020 1216 2052 ad
1242 2018 1466 2052 humilitatis¹⁴
1486 2024 1624 2052 retracta
1645 2019 1863 2063 participium,
1886 2018 1920 2052 in

1178 2073 1233 2106 illo
1254 2073 1393 2117 acquirit
1420 2073 1556 2106 salutem
1583 2072 1614 2106 in
1647 2083 1711 2116 quo
1731 2073 1800 2106 solo
1820 2073 1919 2107 homo

1178 2137 1210 2160 se
1242 2126 1362 2160 invenit
1386 2125 1611 2167 innocentem,
1639 2126 1779 2160 liberum
1798 2125 1921 2161 habens

1214 2243 1229 2269 8
1246 2243 1322 2269 Cont.
1337 2242 1428 2270 Const.
1445 2250 1509 2270 mss.
1527 2242 1570 2270 hic
1584 2241 1647 2269 add.
1660 2241 1768 2269 dicant.

1214 2284 1230 2310 9
1244 2283 1344 2319 Ephes.
1361 2291 1388 2315 v,
1404 2284 1431 2309 ⁹2.

1216 2324 1249 2351 10
1263 2323 1326 2350 Cod.
1342 2323 1411 2350 1340
1425 2332 1542 2359 expung.
1560 2323 1646 2358 quod.

1217 2366 1244 2390 11
1264 2364 1339 2390 quta
1364 2365 1409 2390 Ps.
1430 2370 1490 2397 cxv,
1514 2364 1546 2390 15
1566 2363 1699 2391 Pretiosa
1720 2363 1750 2390 ιή
1772 2365 1922 2398 conspectu

1180 2400 1302 2427 Domini
1317 2408 1394 2426 mors
1407 2402 1573 2428 sanctorum
1589 2399 1660 2426 eius.

1218 2440 1249 2466 te
1270 2450 1281 2464 «
1301 2440 1374 2466 Cum
1392 2440 1467 2467 inter
1481 2439 1557 2474 filies
1577 2439 1731 2466 hominum
1752 2446 1826 2467 unus
1845 2439 1921 2466 solus

1180 2479 1232 2502 etc.
1250 2485 1262 2500 »
1284 2475 1336 2502 Cit.
1353 2483 1396 2510 ep.

1216 2511 1251 2536 13
1267 2510 1358 2538 loann.
1384 2519 1435 2543 xii,
1460 2509 1512 2544 3⁴2,
1534 2509 1579 2537 ubi
1599 2509 1651 2537 ait:
1674 2510 1711 2537 El
1730 2509 1757 2536 si
1776 2510 1922 2536 exaltatus

1181 2548 1263 2581 fuero
1274 2566 1328 2572 .....

1220 2581 1251 2608 14
1266 2580 1364 2616 Optim.
1387 2580 1486 2616 corrig.
1504 2580 1580 2609 Cont.
1596 2580 1685 2608 Const.
1704 2588 1768 2607 mss.
1786 2579 1923 2608 humani·

1183 2616 1252 2645 tatis
1264 2616 1339 2644 iuxta
1354 2615 1414 2644 cod.
1432 2615 1510 2644 1340.

1946 203 1996 231 An.
2014 202 2044 231 C.
2057 201 2110 231 535

1942 1224 1983 1246 Per
1991 1225 2059 1251 ipsum
2068 1226 2114 1245 tau-

1930 1251 2036 1272 tummodo
2043 1250 2116 1272 mundi

1930 1277 2048 1306 redemptio
2058 1278 2115 1299 tacta
