2244 3183
309 225 358 252 Αιι.
375 226 401 252 α.
421 226 468 253 aar
538 215 602 250 454>
1040 227 1192 251 Arre-xvix
1213 226 1359 251 emman
1380 228 1496 252 aonam

504 275 738 319 poenitentiam
760 285 818 318 per
843 275 952 318 plures
973 284 1074 307 annos
1092 284 1187 317 agere
1207 274 1250 307 x‘i-
1284 275 1425 319 pcccatis
1459 286 1673 320 permanere,
1711 283 1766 311 aut
1797 278 1865 322 ipsa
1891 285 2024 323 peccata

505 329 654 362 deremus
673 326 696 367 ¹,
720 327 765 359 sie
782 326 792 342 ²
810 336 868 360 nos
887 326 945 370 ipsi
967 332 999 359 et
1018 327 1112 360 saluti
1134 337 1246 361 eorum

504 381 686 421 consulere,
717 387 744 414 et
777 390 939 413 canonum
965 381 1158 414 deberemus
1179 387 1244 414 sta-

504 440 571 467 tuta
591 444 730 467 serrare.
755 434 832 467 Cum
858 444 933 467 vero
952 434 983 466 in
1005 434 1168 478 aliquibus
1188 445 1247 467 nec

503 487 763 530 compunctionis
788 487 954 520 humilitas
967 487 987 527 ³,
1015 497 1074 520 nec
1094 487 1246 520 instantia

502 540 616 572 orandi
630 540 677 573 vel
691 540 866 584 plangendi
877 546 1045 584 appareat,
1062 551 1122 574 nec
1138 541 1172 573 B.
1188 541 1247 574 Da-

502 592 554 626 vid
574 593 750 633 imitentur,
769 594 825 637 qui
846 593 940 627 dixit:
964 593 1092 627 Lavabo
1108 594 1247 638 persin-

501 646 598 690 9ulas
611 651 716 680 noctes
731 647 845 681 lectam
858 658 978 688 meum,
994 647 1152 691 lacrymis
1167 648 1248 680 meis

502 704 643 733 stratam
669 711 773 734 rmeum
798 701 957 745 riqab0⁴;
984 708 1012 735 et
1031 701 1129 734 illud:
1152 701 1246 736 Cine-

502 765 570 787 rem
582 755 667 788 sicut
680 766 800 799 panem
813 755 1066 797 manducabam,
1086 760 1115 789 et
1132 760 1247 799 potum

503 819 610 842 meum
630 820 704 842 cum
722 810 801 852 fletu
816 810 991 843 miscebam
1005 810 1032 847 ⁵:
1053 819 1113 843 nec
1133 820 1189 844 eos
1203 809 1248 843 ie-

502 862 599 896 iuniis
613 863 660 896 vel
676 863 805 897 lectioni
824 874 937 898 vacare
950 864 1155 905 videamus⁶;
1171 874 1246 909 pos-

500 928 613 950 sumus
645 928 852 960 cognoscere,
886 918 911 951 si
940 918 981 952 ad
1001 918 1159 952 honorem
1180 918 1247 962 pri-

501 970 623 1004 stinum
658 971 819 1005 redierint
838 972 866 1012 ⁷,
894 982 968 1005 cum
997 977 1122 1017 quanta
1144 971 1247 1014 negli-

500 1025 620 1068 gentia,
637 1031 755 1060 etcum
770 1032 892 1070 quanto
913 1031 1036 1071 tepore,
1061 1031 1092 1060 et
1112 1026 1247 1060 inimica

501 1079 628 1114 animae
641 1080 815 1114 securitate
828 1086 1053 1124 permaneant,
1078 1080 1246 1113 credentes

500 1134 588 1177 quod
608 1133 654 1167 sic
673 1133 730 1173 eis,
754 1144 820 1167 non
834 1140 905 1167 acta
915 1133 1012 1176 digne
1032 1133 1243 1177 poenitentia,

501 1185 661 1220 dimiserit
683 1187 778 1227 Deus,
806 1187 972 1230 quomodo
990 1187 1176 1220 sacerdotes
1197 1187 1246 1220 in-

501 1239 637 1273 dulsisse
657 1239 839 1273 videntur⁸.
865 1240 945 1273 Vere
966 1240 1038 1273 dico
1059 1240 1136 1284 quia
1160 1240 1205 1273 illi
1221 1240 1243 1281 ⁰,

302 1292 621 1344 ric-ffiffidgffiggquibus
641 1304 714 1326 cum
740 1293 925 1337 periculosa
954 1299 985 1327 et
1015 1294 1093 1327 salsa
1123 1293 1248 1328 miseri-

301 1355 394 1396 ffgrtfflfs
404 1352 486 1372 uun-ri·
501 1345 613 1379 cordia
627 1346 798 1389 indulgere
813 1346 974 1387 videmur,
991 1358 1090 1391 quum
1103 1353 1177 1381 ante
1191 1348 1247 1381 tri-

500 1398 794 1444 tmnalChristipro
806 1400 902 1434 tantis
911 1401 1052 1444 peccatis
1069 1401 1247 1435 damnandi

500 1452 710 1494 advenerint,
735 1459 848 1486 contra
867 1463 927 1487 nos
948 1453 1035 1498 ipsos
1055 1465 1168 1488 causas
1192 1454 1244 1488 di-

500 1505 583 1539 cturi
600 1511 685 1547 sunt,
702 1505 862 1540 dicentes:
884 1507 973 1550 quod
987 1507 1063 1540 dnm
1082 1513 1137 1541 aut
1157 1518 1249 1552 aspc-

500 1559 629 1593 ritatem
655 1560 785 1603 linguae
810 1571 925 1594 eorum
958 1561 1158 1605 expavimus,
1192 1567 1248 1595 aut

501 1614 579 1647 salsa
604 1614 841 1656 blandimenta,
866 1621 896 1649 et
916 1615 1116 1660 periculosas
1136 1615 1248 1650 adula-

500 1667 604 1702 tiones
626 1668 772 1713 ipsorum
797 1669 937 1703 libenter
957 1669 1156 1714 accepimus,
1187 1679 1265 1704 nos¹

500 1731 566 1763 cos,
591 1722 669 1755 dum
691 1722 752 1756 illis
770 1722 927 1756 inutiliter
941 1722 1147 1765 indulgemus
1162 1722 1192 1761 ¹⁰,
1214 1723 1245 1757 in

538 1877 546 1902 1
570 1876 670 1909 qutoil
686 1875 711 1903 si
729 1876 819 1904 ctiam
834 1884 880 1904 eos
895 1876 1054 1905 durissima
1065 1877 1245 1912 poenitentia
1261 1869 1264 1903 ἶ

496 1928 549 1955 per
565 1921 666 1955 plures
686 1929 779 1948 anites
798 1929 884 1956 ayere
908 1921 1032 1950 viderint
1048 1932 1072 1948 a».
1102 1921 1198 1956 Mans„
1219 1926 1246 1949 et
1262 1929 1263 1950 1

499 1964 595 1992 Baron.
613 1964 646 1992 ad
666 1969 736 1993 orat.
757 1969 873 1993 context.
887 1974 1040 2002 perperam.
1058 1967 1160 1993 Bar-on.
1178 1974 1245 1993 vero

499 2008 533 2036 ad
553 2017 639 2045 marg.
661 2010 773 2045 corrigit
800 2010 991 2039 durissimam
1016 2011 1243 2046 poenitentiam.
1262 2029 1263 2032 =

499 2053 551 2080 Cit.
578 2053 636 2081 cod.
663 2053 715 2090 leg.
742 2055 934 2083 clarissimam
958 2056 1169 2090 poenitentiam
1194 2064 1244 2091 per

496 2099 594 2132 plures
613 2108 705 2127 annos
724 2108 809 2135 affere
824 2101 954 2128 videmus

533 2144 549 2170 2
565 2145 636 2172 «Sic
653 2145 777 2180 idipsum
795 2148 819 2174 et
833 2146 922 2174 saluti
938 2154 1038 2174 coram
1051 2147 1207 2179 consulere,
1218 2150 1243 2173 el
1260 2162 1262 2186 1

498 2196 644 2217 canonum
657 2189 791 2218 aebemus
803 2201 814 2214 ι
822 2210 875 2217 .....
893 2189 977 2218 Mans.
993 2199 1054 2218 cum
1071 2191 1182 2226 Ilaron„
1197 2190 1244 2226 qui

498 2237 582 2268 recte,
603 2237 632 2261 ut.
649 2234 743 2266 videt..
766 2234 798 2262 ad
817 2243 902 2270 marg.
925 2239 999 2264 notat
1021 2237 1061 2264 sic
1085 2237 1241 2264 secumdam

499 2277 636 2312 idipsum.

532 2321 549 2348 3
571 2320 667 2350 Baron.
689 2322 722 2350 ad
743 2332 799 2350 rem
820 2332 979 2359 perperam,
998 2328 1025 2351 ut
1048 2323 1170 2359 videtur,
1193 2333 1242 2352 nec

497 2368 674 2401 compunctio
690 2368 877 2397 humilitatis.

533 2411 550 2437 4
565 2410 606 2438 Ps.
623 2418 660 2446 vn,
677 2412 702 2439 7.

532 2455 549 2483 5
564 2455 606 2483 Ps.
624 2462 659 2490 ct,
678 2457 720 2484 10.

1283 328 1378 361 etiam
1404 338 1522 370 augere
1546 330 1802 373 permiserimuS,
1826 341 1889 365 non
1912 342 2023 365 recor-

1283 381 1394 415 dantes
1407 380 1426 398 ¹¹
1441 382 1532 423 illud,
1550 384 1637 427 quod
1658 383 1690 416 in
1704 383 1804 417 veteri
1817 385 2023 419 Testamento

1281 435 1437 479 seriptum
1453 442 1510 475 est,
1527 436 1603 479 quia
1617 448 1677 469 ano
1696 436 1892 480 peccantem,
1911 443 2024 472 contra

1281 498 1390 521 omnes
1418 488 1479 522 Dei
1503 489 1555 522 ira
1581 489 1722 523 desaevit
1744 489 1776 523 ¹³.
1807 490 1831 524 Ο
1851 491 1974 535 pietas!
2000 491 2024 524 Ο

1282 541 1522 576 misericordia!
1540 543 1601 576 Uni
1618 554 1762 588 parcere,
1785 550 1817 578 et
1834 554 1948 578 omnes
1965 555 2024 589 per

1281 595 1464 639 exemplum
1491 596 1611 630 malum
1644 597 1677 630 in
1709 597 1882 631 discrimen
1915 598 2022 631 addu-

1282 659 1367 682 cere.
1397 649 1468 683 Non
1494 650 1536 683 ita
1560 650 1675 685 suadet
1693 657 1824 684 sanctus
1843 662 1880 685 ac
1901 651 2037 685 beatis-'

1280 701 1381 736 simus
1416 703 1592 748 Cyprianus
1617 711 1737 749 martyr
1765 703 1930 738 dicens⁴⁴1
1960 704 2027 744 Qui

1279 761 1464 800 peccantem
1498 758 1604 791 verbis
1640 758 1856 792 adulantibus
1887 758 2023 802 palpat.

1279 809 1437 852 peccandi
1457 811 1604 853 fomitem
1624 811 1870 852 subministrat,
1898 821 1956 845 nec
1974 821 2025 845 re-

1279 863 1398 906 primit
1407 862 1428 879 ¹⁵
1437 863 1554 897 delicta
1564 864 1671 906 illius,
1686 863 1740 897 scd
1751 865 1834 908 fovet
1847 868 1876 898 et
1889 865 2022 898 iterum.

1281 915 1461 960 Imperitus
1473 921 1518 950 cst
1530 917 1684 958 medicus,
1705 918 1765 962 qui
1786 921 1943 951 tumentes
1956 917 2026 950 val-

1281 980 1399 1004 nerum
1418 971 1512 1004 sinus
1536 981 1639 1004 manu
1660 975 1813 1015 parcente
1837 975 2022 1012 contrectat,

1280 1028 1309 1057 ct
1326 1024 1554 1058 absconditum
1568 1025 1604 1058 in
1618 1024 1794 1068 profundis
1812 1024 1991 1059 recessibus
2004 1023 2026 1042 ¹⁶

1281 1078 1372 1110 virus
1392 1077 1472 1111 dum
1501 1082 1620 1118 servat,
1651 1083 1838 1122 eoeaysjcrat.
1872 1078 1965 1112 Unde
1996 1085 2028 1113 et

1281 1131 1311 1164 S.
1336 1131 1472 1164 Ioannes
1499 1131 1875 1175 Constantinopolitanus
1901 1132 2027 1176 episco-

1281 1195 1340 1228 pus
1361 1184 1486 1227 arguit,
1515 1185 1641 1219 dicens:
1665 1186 1845 1229 Imperitus
1865 1189 1909 1219 est
1925 1185 2027 1219 medi-

1281 1248 1347 1278 cuS,
1376 1238 1437 1282 qui
1464 1242 1540 1271 ante
1563 1238 1724 1282 clessyestam
1745 1238 1954 1282 putredinem
1973 1250 2029 1272 su-

1277 1291 1468 1334 perinducit
1495 1291 1625 1325 vulneri
1655 1292 1850 1326 cicatricem.
1885 1292 1922 1325 Et
1951 1292 2026 1326 ideo

1281 1343 1468 1387 diligentius
1491 1345 1696 1389 perpendite,
1719 1345 1745 1378 si
1765 1350 1820 1378 aut
1839 1350 1956 1389 potest,
1972 1350 2028 1379 aut

1264 1488 1266 1494 ,
1281 1462 1379 1496 snpra
1393 1453 1658 1495 memoravimus,
1669 1454 1875 1487 sacerdotum
1885 1463 2026 1487 canones

1282 1512 1543 1548 contemnentes,
1571 1507 1664 1541 aliter
1684 1517 1781 1552 quam
1804 1507 1885 1540 illi¹⁸
1904 1513 2026 1541 statue-

1282 1566 1379 1601 runt,
1418 1571 1547 1594 servare
1572 1561 1620 1595 vel
1645 1571 1740 1603 agere
1764 1571 2022 1605 praesumamus.

1281 1613 1458 1659 Praecipue
1484 1625 1557 1648 cum
1589 1614 1615 1648 si
1640 1614 1771 1648 illorum
1803 1620 2025 1649 trecentorum

1281 1669 1395 1702 decem
1425 1675 1456 1702 et
1487 1675 1560 1703 octo
1591 1669 1843 1714 episcoporum,
1878 1669 1934 1713 qui
1968 1678 2028 1713 per

1263 1732 1395 1755 ¹omnes
1412 1722 1571 1756 Ecclesias
1600 1723 1738 1757 concilia
1760 1722 1829 1756 lieri
1848 1731 2026 1767 praecepc-

1314 1876 1330 1901 ὃ
1350 1873 1445 1901 Barou.
1467 1883 1527 1902 cum
1548 1874 1593 1901 cit.
1611 1874 1671 1901 cod.
1689 1874 1840 1902 {ml-alsisse
1860 1874 2024 1903 videantur.

1261 1920 1263 1927 ’
1279 1913 1367 1941 Mans.
1387 1914 1456 1941 l'ortc
1475 1914 1565 1950 aptius
1585 1914 1618 1942 ad
1637 1918 1758 1942 context.
1779 1914 1882 1942 rident.

1313 1958 1330 1985 9
1348 1970 1359 1983 x<
1372 1959 1434 1994 Ipsi
1447 1970 1469 1985 ».
1486 1959 1571 1986 Labb.
1589 1959 1622 1987 ad
1637 1968 1722 1995 marg.

1317 2004 1349 2030 10
1368 2003 1604 2032 «Indulsimus».
1621 2004 1672 2031 Cit.
1690 2004 1751 2032 cod.

1261 2058 1263 2062 ⁴
1319 2050 1343 2075 11
1356 2048 1444 2075 Mans.
1454 2048 1488 2076 ad
1498 2048 1579 2076 locut.
1593 2048 1680 2077 minus
1692 2049 1761 2077 bene
1770 2058 1818 2077 nec
1830 2050 2024 2078 recordantes.

1318 2092 1348 2119 1⁹2
1363 2093 1404 2120 Id.
1424 2101 1476 2128 per
1490 2101 1583 2121 unum
1600 2097 1776 2128 peccantem.

1316 2137 1347 2165 13
1362 2137 1431 2165 qut.
1448 2137 1526 2165 Num.
1539 2146 1592 2171 xri,
1604 2138 1649 2169 2⁴2,
1671 2150 1683 2162 κ
1694 2139 1861 2167 Fortissime
1872 2139 1949 2166 Deus
1963 2139 2024 2174 spi-

1260 2187 1262 2208 }
1279 2177 1391 2205 rituum
1407 2178 1557 2207 universae
1571 2179 1684 2214 carnis,
1700 2187 1789 2213 ηιιηι,
1809 2188 1867 2206 uno
1878 2182 2024 2214 peccante,

1261 2215 1262 2237 ἶ
1278 2221 1380 2246 contra
1396 2226 1494 2246 onmes
1509 2219 1557 2247 ira
1573 2221 1624 2246 tua
1639 2219 1800 2247 desaeviet?

1260 2243 1262 2278 [
1313 2262 1348 2289 ‘tt
1366 2272 1377 2288 (ι
1392 2261 1448 2289 Lib.
1472 2263 1514 2290 De
1529 2263 1644 2299 lapsis»
1660 2263 1746 2291 Lahb.
1762 2263 1795 2291 ad
1812 2273 1898 2301 marg.

1258 2292 1262 2358 ξ
1278 2348 1301 2375 ι.
1313 2307 1348 2335 15
1363 2307 1446 2337 Mans.
1465 2308 1533 2336 torte
1554 2308 1644 2337 mend.
1662 2309 1820 2345 typograph.
1839 2310 1961 2345 perimit
1977 2310 2024 2337 de-

1258 2359 1261 2375 e
1289 2351 1359 2376 icta.

1258 2383 1260 2404 t
1313 2388 1347 2415 16
1362 2387 1402 2416 ld.
1419 2385 1578 2417 secessibus.

1313 2433 1344 2460 17
1361 2433 1404 2461 Sic
1414 2433 1509 2468 Mans,
1521 2438 1548 2462 et
1561 2434 1596 2462 al.
1609 2434 1683 2470 editi,
1696 2434 1741 2470 qui
1757 2435 1850 2470 legunt
1862 2437 1914 2462 aut
1927 2437 2023 2462 tanto-

1279 2481 1357 2508 rum,
1374 2477 1425 2502 ctat
1446 2475 1550 2502 taliam
1574 2483 1588 2502 e
1611 2475 1671 2502 cod.
1696 2475 1775 2502 Gorb-
1791 2478 1818 2502 et
1833 2474 1906 2502 Pith.
1921 2474 2023 2510 optime

531 2500 547 2527 6
563 2499 708 2535 perperam
727 2501 761 2528 ad
780 2506 848 2529 orat.
870 2506 987 2530 context.
1010 2503 1054 2530 cit.
1072 2503 1132 2531 cod.
1156 2514 1167 2529 α
1183 2503 1242 2531 Nec
1277 2513 1461 2550 corriguntur·

495 2553 542 2572 eos
563 2546 589 2572 si
610 2546 731 2574 ieiuniis
753 2547 794 2575 vel
810 2547 929 2575 lectione
948 2557 1052 2577 vacare
1072 2549 1240 2583 videamus,

495 2598 552 2618 non
571 2598 724 2625 possumus
744 2599 918 2627 coquoscere,
939 2593 965 2621 si
980 2593 1018 2621 ad
1035 2594 1185 2623 honorem.

531 2635 546 2662 7
562 2635 649 2663 Mans.
667 2635 807 2665 redirent.

1312 2558 1345 2586 18
1364 2558 1448 2586 Mans.
1467 2568 1610 2595 perperam
1636 2560 1669 2587 ad
1692 2560 1775 2587 locut.
1795 2563 1911 2587 context.
1936 2559 2024 2587 aliter

1276 2599 1428 2633 quoduam
1444 2599 1543 2628 Baron.
1558 2608 1619 2628 cum
1630 2600 1675 2628 cit.
1687 2600 1746 2628 cod.
1761 2603 1834 2628 recte
1849 2601 1939 2629 aliter
1949 2599 2024 2635 quod

1278 2639 1335 2667 istiv

1281 1397 1379 1432 debet
1392 1397 1475 1440 sieri,
1491 1404 1527 1432 ut
1541 1404 1708 1432 tantorum
1722 1409 1759 1432 ac
1775 1398 1926 1440 taliumfl,
1942 1409 2025 1443 quos
2040 1386 2236 1438 issffarss'uesifm'*

2067 1358 2168 1379 Veterum
2183 1342 2231 1384 sta-ig
