2244 3183
266 1031 317 1057 Λιι.

263 1535 309 1554 tto>

335 1031 363 1058 C.
380 1032 431 1059 445

952 347 1028 427 S.
1087 347 1496 430 LEONIS¹

722 562 1227 614 EPISTULARUM
1278 562 1726 613 FRAGMENTA.

828 1023 870 1055 1².

465 1128 588 1162 Causas
605 1130 786 1162 ‹uzunee'ans
807 1139 864 1162 cur
884 1131 1034 1174 Episcopi
1053 1132 1117 1163 sin!
1133 1143 1206 1174 pro-

506 1183 666 1222 movendi,
682 1193 731 1215 eos
748 1183 908 1225 reprobat,
927 1185 983 1226 qui
1000 1184 1205 1218 celebriorem

506 1236 610 1268 sedem
634 1246 793 1278 usurpare
814 1247 880 1268 non
898 1237 1083 1270 abhorrent.

548 1324 604 1352 Leo
625 1324 787 1358 Episcopus
812 1326 919 1353 Romae
944 1327 1106 1355 Anastasio

613 1378 756 1413 Episcopo
776 1379 1010 1408 Thessalonicae
1026 1380 1048 1407 ³.

505 1449 536 1484 Si
562 1450 633 1494 quis
658 1450 828 1495 episcopus
857 1451 1009 1496 p1¹¹0p1iae
1037 1453 1128 1487 urbis
1152 1459 1201 1487 te-

313 1509 333 1528 t
330 1515 362 1528 ιιιιι
381 1515 407 1529 ιι
409 1509 446 1529 ιῑιι
461 1503 617 1537 nuitatcm
631 1510 818 1548 aspernatus
832 1505 940 1546 sueiit,
961 1506 1001 1539 ad
1021 1506 1204 1541 illust1¹i01is

307 1542 322 1556 is
341 1537 386 1561 epis
395 1542 426 1562 ι
430 1542 446 1556 ι

263 1562 379 1588 tuidi-511³
381 1562 444 1584 dun
463 1557 525 1590 loci
552 1557 765 1591 ministerium
790 1558 964 1599 tlQansieiit.
992 1565 1023 1593 et
1044 1560 1083 1593 ad
1104 1561 1204 1594 maio-

462 1620 528 1642 rem
561 1612 719 1654 populum
756 1612 853 1645 stulto
888 1612 1022 1646 consilio
1061 1613 1203 1657 seipsum

463 1664 670 1705 transtulerit;
698 1670 764 1698 tum
786 1676 822 1698 ex
839 1666 944 1699 aliena
969 1666 1120 1700 cathedra
1145 1679 1200 1701 ex-

497 1792 506 1817 1
525 1791 593 1818 Ante
620 1790 687 1818 haec
709 1791 861 1826 fragmenta
888 1791 957 1819 forte
978 1792 1038 1828 quis
1066 1793 1145 1829 epist.
1167 1793 1200 1821 ad

459 1835 659 1862 Demetriadem
676 1836 758 1863 Leoni
773 1837 934 1872 praesertim
949 1845 964 1864 a
979 1838 1116 1868 Quesnell.
1140 1839 1199 1865 vin-

459 1880 573 1906 dicatam
589 1880 765 1908 desideraret.
785 1880 878 1907 Verum
894 1881 960 1908 haec
975 1882 1080 1917 longior
1095 1887 1136 1909 est
1147 1886 1200 1910 tra-

458 1927 545 1951 ctatus
561 1933 614 1951 non
630 1924 824 1960 disiungendus
835 1933 850 1952 a
865 1925 970 1952 duobus
982 1926 1058 1953 libris
1070 1927 1106 1953 De
1123 1936 1200 1954 voca-

457 1969 534 1996 tione
546 1970 676 1996 onmium
687 1972 826 2004 penulam,
839 1970 884 2006 qui
897 1971 1081 2005 proculdubio
1093 1971 1135 1999 hic
1147 1980 1198 2000 non

456 2017 519 2040 sunt
533 2014 716 2049 imprimendi.
737 2015 858 2050 Itemque
879 2015 954 2042 locus
971 2015 1075 2043 dandus
1090 2025 1144 2043 non
1161 2021 1201 2044 est

457 2058 586 2093 epistolae
614 2058 647 2084 ad
678 2058 824 2094 Episcopos
836 2080 842 2092 ,
870 2063 896 2086 et
926 2060 1100 2095 presbyteros
1129 2061 1200 2089 intra

455 2102 598 2129 Thraciam
623 2102 777 2130 constitutis
806 2107 867 2131 ante
896 2104 1068 2135 Quesnellnm
1088 2105 1114 2132 in
1138 2107 1198 2142 qui-

456 2146 571 2173 busdam
596 2146 660 2173 edit.
677 2147 705 2173 S.
722 2147 819 2174 Leonis
835 2148 921 2175 editae
934 2169 940 2181 ,
957 2157 1039 2184 quum
1055 2158 1135 2177 nemo
1149 2151 1199 2177 dn-

456 2191 523 2218 bitet
543 2191 612 2218 lianc
632 2191 769 2226 pertinere
793 2192 826 2219 ad
848 2192 965 2220 Leonem
991 2194 1197 2229 Bituricensem,

456 2236 556 2263 aliosve
576 2236 727 2272 episcopos,
747 2237 793 2272 qni
808 2245 869 2264 eam
891 2238 1086 2273 subscripsere.
1101 2239 1199 2267 Multo-

456 2288 508 2315 que
519 2280 608 2307 minus
624 2281 815 2308 documentum
826 2281 891 2308 illud
903 2282 929 2308 in
946 2282 1105 2317 Pelagianos
1120 2283 1200 2310 eden-

456 2325 519 2351 dnm
540 2325 702 2359 curavimus,
720 2325 791 2361 quod
816 2325 843 2352 in
867 2326 1027 2362 quibusdam
1049 2327 1198 2360 codicibus,

456 2372 483 2396 et
504 2369 530 2395 in
546 2369 604 2405 ipso
625 2369 776 2397 Grimanico
796 2371 873 2406 quasi
892 2379 906 2398 e
922 2371 946 2398 S.
964 2371 1060 2399 Leonis
1077 2372 1198 2408 epistolis

456 2417 610 2448 excerptum
625 2414 768 2440 nonnullos
779 2414 894 2450 decepit.
911 2415 967 2443 Hoc
982 2416 1053 2443 enim
1064 2420 1105 2444 est
1119 2417 1198 2444 veluti

456 2457 689 2484 commonitorium
709 2458 735 2484 in
760 2459 860 2494 synodo
882 2459 1061 2495 Diospolitana
1086 2461 1120 2488 ab
1140 2461 1198 2497 epi-

455 2501 542 2536 scopis
558 2501 687 2528 Africanis
713 2511 777 2529 suae
792 2503 919 2538 epistolae
940 2504 1108 2540 subiectum,
1125 2505 1198 2532 eius-

455 2555 508 2581 que
523 2545 641 2573 secunda
653 2555 717 2582 pars
736 2548 886 2583 Augustino
902 2549 1038 2576 tribuitur.
1056 2549 1198 2580 Quesnello

455 2595 543 2618 autem
569 2591 676 2618 dissert.
695 2598 750 2625 xnt,
772 2601 829 2628 cap.
848 2601 900 2623 xlv,
921 2593 987 2621 illud
1008 2595 1093 2621 visum
1113 2599 1196 2623 csteo

455 2635 559 2662 facilius
575 2636 601 2662 in
621 2636 645 2663 S.
664 2636 759 2664 Leonis
773 2637 879 2665 scriniis
901 2638 1024 2674 reperiri,
1044 2647 1097 2675 quo
1113 2639 1197 2675 magis
1212 2624 1215 2674 Ι

1239 1026 1388 1070 pelletur,
1417 1030 1483 1058 tum
1508 1025 1641 1069 pr·op1ia
1665 1025 1854 1069 piivabitur,
1877 1030 1981 1059 utne-

1239 1090 1301 1123 que
1316 1079 1376 1111 illis
1391 1078 1511 1122 praesit.
1524 1089 1604 1122 qnos
1624 1084 1757 1122 plopter
1770 1078 1980 1122 cupiditatem

1239 1132 1409 1172 affectavit,
1437 1142 1544 1175 neque
1565 1132 1602 1165 iis
1627 1142 1708 1176 quos
1733 1132 1774 1164 ob
1794 1132 1980 1176 superbiam

1239 1185 1392 1229 despexit.
1419 1185 1563 1229 Propriis
1588 1185 1686 1228 igitur
1705 1185 1824 1219 finibus
1843 1186 1981 1231 quisque

1239 1244 1407 1272 contentus
1432 1239 1492 1280 sit,
1520 1249 1626 1283 neque
1651 1239 1784 1272 modum
1815 1239 1980 1283 potestatis

1239 1291 1349 1334 augeri
1375 1291 1593 1335 concupiscat.
1621 1292 1719 1333 Scias,
1741 1292 1839 1325 frater
1858 1292 1980 1327 charis-

1238 1345 1329 1386 sime,
1358 1345 1454 1378 aliam
1475 1356 1543 1378 csse
1563 1346 1760 1379 necessitatis
1780 1351 1876 1390 atque
1895 1346 1980 1380 utili-

1239 1399 1320 1441 tatis,
1346 1399 1440 1432 aliam
1467 1410 1542 1432 vcro
1564 1399 1752 1433 temeritatis
1772 1410 1809 1433 ac
1828 1400 1980 1444 propriae

1238 1453 1421 1493 voluntatis,
1441 1453 1491 1487 vel
1511 1453 1653 1497 privatae
1675 1454 1864 1497 voluptatis⁴
1878 1459 1980 1488 trans-

1239 1507 1335 1540 eundi
1362 1508 1400 1541 dc
1426 1507 1551 1541 civitate
1583 1507 1615 1540 in
1647 1507 1828 1549 civitatem,
1856 1508 1913 1542 sed
1937 1509 1997 1542 ob.

1238 1560 1461 1594 necessitatem
1486 1567 1583 1604 atque
1608 1561 1778 1594 utilitatem
1798 1562 1975 1595 tiansserri.

1237 1614 1315 1647 Nam
1348 1614 1490 1657 plurium
1522 1614 1689 1647 utilitatem
1722 1614 1817 1648 unius
1849 1614 1978 1648 utilitati

1237 1667 1284 1699 vel
1309 1667 1465 1700 xoluntati
1491 1673 1688 1711 anteponere
1713 1673 1862 1711 opoitet;
1889 1667 1978 1702 aliud

1235 1791 1279 1818 hie
1294 1791 1327 1818 ad
1342 1792 1570 1828 comprimendam
1590 1792 1764 1828 Pelagianam
1785 1791 1918 1820 haeresim
1933 1800 1979 1820 re-

1236 1836 1408 1863 viviscentem
1428 1836 1465 1863 uti
1482 1836 1569 1872 potuit
1586 1840 1641 1863 tum
1658 1836 1770 1871 pluries,
1785 1840 1842 1864 tum
1856 1845 1980 1873 praeser-

1234 1881 1280 1907 tim
1296 1881 1323 1907 in
1344 1881 1422 1917 epist.
1443 1889 1470 1915 1,
1493 1880 1519 1907 h.
1543 1880 1594 1908 vol.
1614 1880 1647 1907 ad
1666 1882 1748 1915 episc.
1767 1881 1977 1917 Aquileiensem.

1234 1925 1317 1961 Operi
1335 1929 1427 1952 nostro
1444 1925 1534 1961 potius
1554 1925 1727 1958 inserendum
1741 1925 1877 1953 videretur
1895 1926 1978 1954 breve

1233 1970 1387 2004 fragment„
1404 1969 1475 2005 qnod
1490 1970 1619 1996 adversus
1634 1978 1740 1997 errores
1753 1970 1872 1997 Manich.
1885 1973 1912 1998 et
1921 1970 1979 1997 Pri-

1233 2014 1346 2040 scillian.
1374 2022 1389 2040 a
1410 2014 1545 2041 vetustiss
1568 2023 1616 2041 ms.
1639 2014 1832 2042 Ambrosianae
1849 2014 1975 2043 biblioth.

1235 2058 1385 2085 Ludovicus
1409 2059 1574 2085 Muratorius
1594 2058 1678 2085 edidit
1698 2063 1761 2086 tom.
1787 2067 1815 2086 11.
1845 2059 1975 2087 Anedoct.

1234 2103 1291 2129 Lat.
1309 2111 1369 2138 pag.
1391 2103 1452 2130 412.
1470 2104 1558 2135 Quum
1578 2108 1669 2131 autem
1692 2103 1758 2131 illud
1778 2108 1872 2132 contra
1895 2104 1979 2140 ipsius

1232 2147 1292 2174 eod.
1313 2148 1503 2175 auctoritatem
1524 2157 1555 2175 ex
1574 2148 1690 2185 simplici
1706 2153 1810 2176 tantum
1826 2149 1979 2186 suspicione

1232 2193 1314 2220 Leoni
1331 2193 1473 2227 tribuatur,
1490 2193 1667 2221 omittendum
1681 2193 1899 2225 existimavimus.
1915 2193 1979 2222 licet

1232 2237 1348 2265 Mansius
1372 2238 1508 2265 recuderit
1530 2243 1594 2265 tom.
1618 2246 1626 2265 1
1649 2240 1849 2274 Supplementi
1865 2239 1974 2267 Concib.

1233 2291 1291 2318 pag.
1309 2284 1367 2309 lis.
1380 2283 1409 2310 V.
1426 2283 1513 2318 Migne
1525 2283 1669 2318 Patrotoy.
1687 2287 1814 2319 tom.1.1v‚
1830 2283 1881 2312 col.
1899 2284 1976 2320 1235,

1234 2327 1302 2355 1236
1322 2328 1333 2361 ἓ
1352 2329 1376 2354 ·1.

1267 2371 1283 2398 Ξ
1298 2371 1336 2398 Ex
1348 2371 1444 2398 Baller.
1463 2371 1534 2407 apud
1547 2371 1632 2407 Migne
1648 2380 1691 2407 op.
1709 2372 1754 2399 cit.
1770 2371 1819 2399 col.
1833 2372 1913 2406 1261,
1930 2372 1976 2408 qui

1232 2415 1459 2450 animadvertunt,
1470 2416 1623 2443 huiusmodi
1639 2416 1817 2452 fragmentum
1834 2425 1865 2443 ex
1884 2425 1971 2452 graec.

1233 2460 1291 2488 cod.
1305 2461 1364 2487 Vat.
1382 2461 1448 2488 1445
1463 2462 1632 2497 desumptum
1644 2470 1748 2489 meram
1758 2470 1817 2489 esse
1828 2462 1976 2498 paraphra-
2006 2453 2012 2461 ⁵

1232 2505 1281 2532 sim
1293 2514 1352 2541 cap.
1365 2513 1419 2537 vni,
1432 2506 1509 2542 epist.
1523 2514 1565 2534 xlv
1575 2507 1608 2534 ad
1624 2507 1804 2541 Anastasinm,
1820 2515 1889 2543 quae
1904 2507 1976 2543 apud

1233 2559 1281 2577 nos
1297 2555 1338 2577 est
1353 2551 1430 2586 epist.
1447 2558 1482 2584 vt,
1502 2551 1555 2578 vol.
1572 2559 1591 2586 1,
1608 2560 1667 2587 pag.
1685 2551 1729 2578 50.

1266 2596 1281 2622 3
1298 2596 1325 2622 In
1342 2596 1386 2622 cit.
1408 2596 1466 2623 cod.
1485 2596 1612 2624 mendose
1626 2599 1756 2623 Αθανασιω.
1773 2596 1873 2624 Baller.
1891 2598 1910 2625 1.
1926 2605 1941 2624 c

1267 2640 1281 2666 4
1297 2640 1337 2667 Al.
1355 2640 1457 2667 addunt
1476 2649 1604 2668 causam.
1626 2640 1658 2668 Et
1677 2640 1787 2677 quidem
1807 2645 1893 2668 recte.

2013 1039 2180 1068 A11.G.445
2211 1067 2213 1071 .

2015 1256 2080 1278 Fines
2088 1262 2138 1278 suos
2147 1263 2175 1279 au
2207 1282 2210 1283 .

1995 1289 2044 1310 gere
2055 1283 2086 1305 sas
2095 1284 2175 1306 nemini

2026 1630 2067 1651 Gur
2082 1630 2176 1661 episcopi

1993 1656 2178 1684 sintpromovondi
2192 1677 2198 1681 .

2162 2813 2228 3183 ἓέψυμωςιεεκ
2187 2410 2195 2427 -’
2195 2312 2201 2334 ι·
2191 2173 2196 2178 ·
2188 2090 2202 2146 ·-·
