2244 3183
275 186 324 213 An.
342 186 371 213 C.
389 186 440 214 453

505 178 568 211 1⁹24·

474 237 527 270 alii
555 238 773 277 decreverant,
803 237 975 270 tenendum
1003 248 1070 271 csse
1096 238 1212 271 consti-

475 290 544 324 tuit.
569 291 647 324 Nam
670 290 675 306 ¹
698 301 715 324 a
732 290 838 334 primo
859 296 1012 334 augustae
1038 291 1213 325 memoriae

473 343 641 377 Theodosii
656 343 792 377 senioris
806 344 973 377 consulatu
986 345 1211 378 succedentem

473 396 531 429 sihi
563 408 673 430 sacrae
704 397 926 431 observantiae
956 398 1104 432 ordinem
1125 398 1135 414 '²
1154 408 1230 447 po-3

472 460 560 491 nens,
581 455 617 483 ut
637 450 791 493 longioris
812 451 965 495 temporis
980 452 1060 485 ratio
1081 451 1149 485 eius
1164 452 1229 485 tit-1

473 503 547 537 teris
569 509 734 538 teneretur
753 505 923 549 adscripta,
953 506 1043 539 cuius
1068 506 1229 549 comple-2

470 557 573 590 xionis
581 558 837 602 septuagesimus
847 564 877 592 et
887 564 1021 602 quartus
1034 565 1079 592 est
1093 569 1207 598 annus,

471 610 501 643 in
523 621 586 654 quo
606 611 616 627 ³
636 611 739 655 pridie
761 612 831 645 idus
851 613 968 656 Aprilis
986 619 1131 646 sanctum
1154 624 1209 656 pa·
1226 607 1228 659 J

468 664 545 697 seha
561 664 570 680 ⁴
589 664 836 706 cetel›1·avimus;
857 666 1003 709 sequenti
1024 676 1099 699 vero
1125 676 1208 699 anno

468 717 571 762 pridie
592 729 692 752 nonas
704 719 819 763 Aprilis
837 720 960 759 cadem,
976 720 1116 764 propitio
1130 721 1205 759 Deo,

468 772 592 813 agenda
611 773 621 788 ⁵
643 773 702 806 erit
724 773 887 815 festivitas,
911 774 994 807 sieut
1018 764 1227 817 regulariter>

468 826 671 860 centenariae
692 827 908 860 annotationis
932 828 1012 861 ordo
1041 828 1179 861 declarat
1198 839 1203 865 ;

465 879 519 912 sed
540 879 570 911 in
592 890 688 921 anno,
713 881 766 924 qui
789 881 849 914 erit.
868 881 1123 925 septuagesimus
1139 892 1207 915 sex-

467 938 526 974 tus,
544 933 569 966 is
581 934 740 977 Gpaschae
758 934 825 968 dies
839 934 1202 979 invenituradscriptus,
1222 946 1224 968 t

464 997 560 1030 quem
575 997 593 1020 a
605 987 753 1031 passione
770 987 897 1022 Domini
918 988 1038 1022 nullius
1053 989 1201 1033 exempli,
1222 1005 1223 1017 ι

462 1040 582 1074 nullius
603 1042 840 1076 constitutionis
861 1043 1001 1076 admittit
1018 1043 1200 1076 auctoritas.
1221 1060 1223 1076 ι

463 1094 539 1127 Nam
556 1095 640 1128 diem
656 1102 802 1129 octavum
820 1097 1029 1129 kalendarum
1046 1097 1202 1130 maiarum
1220 1112 1222 1146 ξ

462 1149 501 1181 ab
514 1159 551 1182 eo
562 1150 787 1192 cognoscimus
802 1151 1020 1194 praefinitum,
1039 1151 1092 1195 qui
1105 1151 1203 1184 nimie
1220 1151 1222 1169 ;

462 1201 597 1235 limitem
620 1203 772 1247 antiquae
793 1204 1031 1237 constitutionis
1046 1204 1198 1237 excedit7:

461 1267 534 1288 cum
555 1256 607 1289 alii
628 1257 775 1300 quintum
803 1257 963 1290 decimum
990 1258 1200 1291 kalendarum

461 1308 620 1342 maiarum
664 1309 738 1343 huie
781 1310 939 1344 festivitati
980 1310 1220 1355 deputaverint„

461 1363 557 1396 dlem.
575 1363 739 1407 Siquidem
752 1364 790 1397 ah
803 1364 975 1398 undecimo
990 1364 1199 1398 kalendarum
1218 1385 1220 1407 5

461 1416 612 1460 aprilium
646 1428 747 1462 usque
769 1418 799 1451 in
819 1418 1027 1452 undecimum
1050 1419 1219 1453 kalenda-1³

461 1480 531 1503 rum
570 1470 728 1504 maiarum
768 1471 946 1514 legitimum
984 1472 1121 1516 spatium
1161 1473 1200 1506 sit

461 1524 638 1567 praefixum
659 1525 679 1564 ’ξ
704 1524 787 1558 intra
812 1526 900 1569 quod
920 1526 1066 1559 omnium
1093 1526 1196 1560 varie-

460 1583 559 1611 tatum
579 1578 749 1612 necessitas
767 1580 992 1617 eoneludatur3
1021 1584 1055 1612 ut
1078 1580 1198 1613 Pascha
1215 1576 1217 1590 ¹

1215 1622 1217 1630 ι

459 1631 658 1665 dominicum
684 1642 742 1665 nec
758 1632 856 1676 'prius
880 1632 1040 1676 possimus
1068 1633 1216 1680 hahere,4

456 1694 516 1718 nee
536 1685 670 1719 tardius.
691 1686 783 1725 Quod
804 1686 888 1719 enim
913 1686 945 1719 in
966 1686 1139 1724 decimum,
1169 1686 1216 1725 et}

457 1738 488 1771 in
509 1748 632 1771 nonum
654 1739 864 1772 kalendarum
888 1739 1044 1773 maiarum
1072 1730 1215 1773 videtur¹

454 1802 698 1836 nonnumquam
720 1792 901 1836 pervenisse
922 1792 1084 1833 festivitas,
1112 1804 1193 1836 qua-
1213 1818 1215 1833 ,

453 1845 528 1878 dam
558 1845 683 1879 ratione
712 1846 904 1879 defenditur.
933 1846 1012 1885 Ouia
1042 1846 1098 1879 etsi
1130 1846 1197 1879 dies

453 1899 700 1933 resurrectionis
735 1900 821 1932 ultra
858 1899 1031 1933 terminum
1071 1900 1197 1933 videtur

453 1952 564 1994 exisse,
591 1952 657 1986 dies
675 1958 782 1987 tamen
803 1952 961 1997 passionis
982 1953 1118 1985 limitem
1139 1963 1195 1997 po-

451 2005 547 2039 situm
568 2017 633 2040 nou
654 2006 833 2040 invenietur
853 2017 1009 2050 egressus.
1039 2007 1085 2040 Ad
1106 2011 1194 2040 octa-

488 2115 497 2141 1
521 2124 531 2140 α
551 2114 645 2142 l’artic.
664 2114 740 2142 Nam
750 2113 1050 2142 at.omittn.Batterin.
1066 2114 1083 2141 l.
1097 2122 1119 2140 c.
1131 2113 1194 2141 Per·
1211 2108 1213 2113 ’

450 2161 555 2190 peram.

484 2198 500 2225 2
518 2208 528 2224 α
546 2198 585 2225 Al.
601 2199 811 2227 succedentes...
830 2199 977 2228 ordines».
997 2199 1124 2226 Ballerin.
1139 2200 1156 2227 l.
1169 2208 1192 2227 c.

449 2237 517 2265 Sane
533 2238 634 2266 rectius
649 2247 676 2265 n.
690 2239 707 2266 l.

483 2282 500 2308 3
514 2282 632 2310 Cacciar.
652 2284 668 2310 l.
685 2292 708 2310 c.
727 2292 787 2311 cum
803 2283 838 2311 al.
865 2284 895 2310 in
911 2291 978 2319 qun..
995 2284 1075 2311 Certe
1093 2284 1191 2312 mendo

449 2323 653 2359 typographico.

484 2362 500 2389 4
517 2373 528 2388 a
542 2363 604 2390 Cod.
625 2364 728 2400 Ratisp.
741 2365 877 2399 paschale
890 2376 916 2391 n.
933 2365 1062 2392 Ballerin.
1080 2365 1097 2391 l.
1115 2374 1137 2392 e.

483 2403 500 2429 5
516 2403 632 2431 Cacciar.
651 2404 668 2431 l.
686 2413 710 2432 c.
727 2413 786 2431 cum
803 2405 866 2432 edit.
884 2405 1026 2432 habenda.

482 2443 498 2469 6
514 2443 631 2471 Cacciar.
648 2444 666 2471 l.
678 2453 700 2471 c.
719 2444 791 2472 delet
805 2445 839 2472 is.

483 2485 497 2511 7
522 2495 534 2509 t(
549 2485 588 2511 At.
606 2485 657 2519 qui
672 2486 746 2512 anni
760 2485 881 2513 limitem
896 2486 1058 2521 antiquitus
1084 2485 1189 2512 cousti-

447 2526 541 2552 tutum
555 2525 697 2552 eoecedit».
714 2524 843 2552 Ballerin.
861 2525 911 2552 col.
931 2525 998 2552 1230
1021 2529 1047 2552 et
1069 2525 1187 2552 Caeciar.

445 2564 474 2591 ll.
491 2573 530 2591 cc.
547 2564 702 2601 Perperam,
719 2564 758 2591 uti
774 2563 891 2592 videtur.

481 2604 497 2631 8
519 2614 530 2630 ι
547 2603 588 2631 ΑΙ.
601 2604 787 2639 praefinitum
803 2613 828 2632 ω.
844 2604 972 2632 Ballerin.
989 2605 1040 2632 col.
1056 2605 1137 2633 123¹.

1000 190 1151 213 Arriani<
1172 189 1312 214 nt'LLAntt
1336 190 1397 214 ROM
1406 191 1455 214 tNt

1249 249 1319 271 vum
1338 244 1442 272 autem
1457 238 1666 271 kalendarum
1680 239 1838 273 maiarum
1851 240 1988 284 paseha-

1247 292 1308 325 lem
1324 292 1559 326 observantiam
1592 292 1769 336 perducere
1786 293 1882 328 nimis
1903 294 1988 328 inso-

1247 345 1315 378 lens
1336 350 1363 378 et
1383 351 1493 389 aperta
1510 345 1722 389 transgressio
1743 351 1799 380 est.

1290 398 1361 433 Car.
1387 400 1434 432 ΙΙΙ,
1466 399 1544 438 Quia
1574 410 1650 442 ergo
1683 400 1714 433 in
1746 399 1810 441 illa,
1842 406 1877 434 ut
1908 401 1982 442 dixi,

1246 453 1429 487 centenaria
1467 453 1694 497 supputatione
1730 454 1898 498 Theophili
1935 466 1985 489 se-

1246 507 1464 551 ptuagesimus
1485 512 1590 540 sextus
1608 517 1710 541 annus
1734 507 1819 542 diem
1845 508 1985 543 Paschae

1245 566 1355 594 contra
1392 571 1514 593 morem
1549 561 1798 595 ecclesiasticum
1838 562 1985 597 statuisse

1246 619 1452 654 monstratur,
1467 620 1495 647 et
1511 624 1574 647 non
1598 614 1710 647 leviter
1727 614 1936 659 delinquitur,
1959 616 1984 649 si

1244 667 1274 699 in
1296 667 1455 711 principio
1476 668 1670 702 sacramenti
1697 668 1810 702 veritas
1829 674 1859 702 et
1879 669 1984 702 unitas

1243 721 1281 754 ah
1301 721 1470 754 universali
1492 722 1632 755 Ecclesia
1650 732 1714 755 non
1730 727 1868 756 tenetur:
1893 723 1985 757 obse-

1224 774 1226 788 ³
1242 785 1296 807 cro
1314 774 1520 808 clementiam
1541 780 1691 815 vestram,
1712 781 1747 809 ut
1766 776 1909 809 studium
1929 787 1983 810 ve-

1223 833 1342 861 'strunt
1383 833 1544 869 praestare
1583 828 1781 871 dignemini:

1826 835 1984 874 quatenus

1241 881 1387 925 AEgvpssi,
1412 883 1459 915 vel
1478 882 1502 915 si
1523 882 1577 926 qui
1597 887 1669 916 sunt
1692 882 1756 923 alii,
1781 883 1835 927 qni
1862 889 1982 917 certam

1240 934 1336 968 huius
1356 935 1593 979 supputationis
1610 935 1762 969 videntur
1781 936 1901 970 habere
1921 947 1981 970 no-

1242 987 1353 1028 titiam,
1384 989 1572 1032 scrupulum
1599 988 1695 1022 huius
1719 989 1730 1005 ⁹
1754 989 1980 1024 sollicitudinis

1239 1041 1414 1079 absolvant,
1433 1047 1467 1075 ut
1484 1042 1515 1074 in
1530 1041 1552 1059 ¹⁰
1565 1053 1636 1075 eum
1653 1042 1737 1075 diem
1752 1043 1910 1085 generalis
1924 1043 1981 1077 ob-

1238 1095 1396 1128 servantia
1419 1095 1592 1138 dirigatur,
1617 1095 1671 1139 qui
1693 1106 1752 1129 nec
1771 1101 1978 1139 paternarum

1238 1148 1503 1181 constitutionum
1529 1159 1676 1181 normam
1713 1149 1893 1193 relinquat,
1920 1160 1980 1183 neo

1238 1200 1320 1234 ultra
1338 1201 1496 1244 praefixos
1512 1201 1690 1235 terminos¹'
1707 1211 1869 1244 evagetur.
1886 1203 1980 1242 Quic-

1237 1253 1314 1296 quid
1335 1259 1442 1287 autem
1460 1254 1563 1298 pietas
1583 1260 1686 1288 vestra
1706 1255 1746 1288 de
1767 1255 1826 1288 hac
1851 1256 1979 1289 eonsul-

1219 1312 1221 1320 '
1239 1306 1355 1339 tatione
1374 1307 1572 1349 cognoverit,
1594 1308 1632 1341 ad
1647 1319 1751 1341 meam
1774 1308 1884 1341 iubeat
1904 1318 1978 1342 mox

1218 1356 1220 1380 ³
1236 1360 1382 1393 notitiam
1398 1360 1577 1404 pervenire,
1599 1366 1631 1394 ut
1647 1361 1678 1393 in
1692 1361 1807 1395 divinis
1821 1362 1980 1406 mysteriis

1236 1413 1552 1446 nulladissonantiae
1574 1414 1668 1457 culpa
1690 1419 1849 1447 nascatur.

1278 1466 1355 1499 Data
1376 1467 1502 1500 decimo
1523 1467 1661 1511 septimo
1684 1467 1840 1500 kalendas
1850 1466 1870 1484 ¹⁸³
1890 1467 1974 1507 Iulii,

1233 1518 1379 1562 Opilione
1401 1520 1467 1553 viro
1489 1520 1666 1553 clarissimo
1688 1521 1829 1554 consule.

1269 1572 1326 1599 Dat.
1345 1573 1376 1599 tn
1391 1573 1469 1607 lunii,
1485 1582 1529 1600 an.
1547 1574 1608 1601 453.

1419 1708 1602 1742 EPISTULA
1623 1708 1739 1742 LXXXI
1750 1708 1780 1742 ¹³.

1231 1778 1364 1811 Iuliano
1387 1780 1558 1823 praecipit,
1585 1784 1622 1812 ut
1646 1780 1735 1823 apud
1765 1780 1973 1813 Marcianum

1275 1827 1312 1860 (Ie
1340 1829 1507 1871 paschalis
1538 1828 1605 1861 diei
1639 1829 1854 1862 ronti-‹wersia
1878 1829 1972 1862 vehe-

1275 1877 1415 1909 mentius
1437 1877 1544 1910 instet.

1419 1948 1475 1976 Leo
1492 1948 1609 1976 Iuliano
1625 1948 1778 1983 Episcopo.

1273 2003 1315 2036 De
1336 2003 1478 2046 paschali
1500 2003 1732 2037 observantia¹⁴
1752 2009 1883 2038 sanetae
1904 2014 1971 2037 me-

1263 2110 1278 2136 9
1296 2119 1307 2135 α
1325 2108 1386 2136 Cod.
1404 2109 1505 2146 Ratisp.
1529 2111 1627 2138 eius».
1651 2110 1779 2138 Ballerin.
1803 2111 1820 2138 l.
1845 2119 1869 2138 c.
1892 2110 1970 2138 Forte

1227 2158 1383 2177 amanuens.
1401 2150 1505 2178 mendo·

1262 2192 1296 2218 ‘lO
1312 2200 1322 2216 α
1342 2191 1398 2218 Vet.
1415 2191 1480 2219 edit.
1496 2191 1582 2219 omitt.
1600 2192 1629 2218 ιή
1640 2202 1666 2218 ».
1683 2191 1812 2219 Ballerin.
1828 2191 1846 2219 l.
1859 2191 1969 2220 c.Certe

1227 2231 1323 2259 mendo
1340 2231 1540 2267 typographico.

1262 2271 1289 2297 11
1309 2280 1321 2296 ι
1338 2270 1394 2297 Vet.
1412 2271 1477 2298 edit.
1491 2273 1639 2307 praefioezts
1654 2273 1826 2301 terminus».
1838 2272 1967 2300 Ballerin.

1226 2310 1276 2337 loc.
1293 2311 1337 2338 cit.
1355 2312 1424 2338 Sane
1442 2312 1504 2339 mel.
1521 2321 1548 2339 n.
1565 2313 1655 2340 lectio.

1262 2351 1293 2378 12
1309 2351 1425 2380 Cacciar.
1443 2361 1503 2388 pag.
1513 2352 1564 2379 368
1575 2361 1635 2380 cum
1645 2353 1679 2380 al.
1699 2353 1808 2381 decimo
1824 2356 1902 2381 seaeto
1915 2354 1968 2380 ka-

1207 2389 1209 2418 }
1224 2387 1328 2414 lendes.
1350 2387 1416 2414 Jaffe
1432 2396 1475 2423 op.
1492 2388 1537 2415 eit.
1555 2388 1633 2416 nobis
1646 2393 1749 2416 assent.

1260 2426 1291 2452 13
1302 2427 1338 2453 Ex
1348 2426 1410 2453 edit.
1424 2427 1525 2455 Baller.
1536 2428 1607 2462 Opp.
1617 2428 1647 2455 S.
1655 2429 1757 2456 Leonis
1766 2432 1785 2455 t.
1797 2436 1815 2460 Ι,
1824 2429 1874 2456 col.
1886 2428 1964 2456 1232.

1263 2462 1291 2488 tt
1312 2462 1431 2489 Cacciar.
1450 2463 1518 2498 Opp.
1543 2464 1569 2491 S.
1586 2465 1685 2491 Leonis
1700 2467 1769 2500 part.
1784 2472 1815 2499 11,
1832 2472 1892 2500 pag.
1913 2464 1965 2491 369

1224 2506 1283 2524 eum
1313 2498 1450 2529 Quesnett.
1474 2502 1500 2525 et
1523 2502 1576 2526 vet.
1598 2499 1663 2526 edit.
1687 2507 1719 2526 ac
1743 2507 1805 2526 mss
1835 2499 1963 2527 omnibus

2020 193 2068 220 An.
2085 194 2115 221 G.
2135 194 2201 246 453¹<

2057 414 2185 437 Marcianum

2002 440 2107 465 obsecrat,
2126 444 2147 462 ut
2159 442 2185 464 da
2204 451 2212 458 ·-
2227 442 2230 461 ἶ

2001 467 2081 488 hoodie
2090 473 2186 494 praeser-
2226 468 2230 493 j

2001 494 2036 514 tim
2056 495 2112 520 apud
2131 494 2186 521 Egy-
2211 494 2229 515 “’.

2000 521 2184 547 ptiosinrestigari
2199 527 2202 531 ’

2000 546 2080 568 iubeat.

2002 894 2182 921 Dtsctptinaeuni-
2205 895 2207 897 '

1998 922 2093 943 soi-mitae
2110 924 2182 948 quoad

1997 948 2037 969 hoc
2047 949 2181 974 estretigiose
2228 960 2229 965 =

1996 975 2109 996 servanda.

2059 1215 2080 1235 ln
2103 1215 2180 1236 divinis

1995 1242 2100 1268 mysteriis
2112 1242 2178 1262 disso-
2228 1255 2229 1258 .

1994 1268 2080 1289 nantino
2116 1269 2179 1294 culpa

1995 1294 2120 1320 effugienda.

1223 2541 1301 2560 voces
1316 2534 1498 2568 Depaschali
1512 2534 1694 2563 observantia
1717 2534 1750 2562 ad
1777 2534 1881 2562 titulum
1905 2535 1964 2575 epi·
1995 2547 1997 2549 >

1223 2568 1307 2596 stolae
1321 2569 1457 2596 reiiciunt.
1475 2569 1615 2597 Ballerinii
1628 2578 1659 2597 ex
1675 2569 1727 2598 fide
1741 2570 1840 2606 Ratisp.
1858 2570 1962 2598 codicis

1223 2603 1255 2631 ad
1269 2604 1397 2640 epistolae
1412 2605 1517 2633 initium
1532 2609 1654 2642 spectare
1670 2610 1844 2633 censuerunt.
