2244 3183
270 241 319 268 An.
338 241 365 269 C.
387 242 438 269 476
504 233 566 266 210
982 245 1142 269 arrnxntx
1164 245 1314 270 1111111111
1334 246 1453 270 noma-1
2017 244 2066 271 An.
2082 244 2110 271 C.
2131 244 2181 273 476

469 292 603 325 omnino
622 292 658 325 sit
682 292 829 333 dubium,
853 292 1007 336 pietatem
1034 299 1121 326 tuam
1140 294 1211 327 ilto-
1245 294 1409 327 literarum
1432 295 1470 327 ad
1492 294 1619 327 fratrem
1636 299 1663 327 et
1686 293 1914 338 coepiscopum
1926 303 1983 326 no·
2025 306 2089 326 cuim
2103 306 2181 332 scripta

1999 332 2119 358 imperatori
2140 335 2182 354 tra·

468 356 539 378 rum
561 356 629 379 esse
649 346 723 379 fidei
741 357 924 390 sequacem,
942 357 1080 391 quorum
1096 358 1129 381 es
1140 359 1211 381 suc·
1244 353 1344 381 strum
1366 348 1517 381 Acacium
1538 347 1610 380 misi
1630 347 1744 380 vestris
1764 347 1909 381 sensibus
1930 347 1980 380 os·
1999 359 2068 379 «innan
2084 359 2147 380 misit.

293 996 408 1019 nomionis
418 1001 453 1016 cu-

269 1030 300 1053 ra*
316 1025 453 1051 praecipuum

269 1053 373 1077 principis
389 1058 453 1077 negit-

269 1080 327 1098 1111111.

295 1586 372 1606 (ztirtsti
384 1586 453 1606 incar-

269 1615 326 1634 natio
351 1620 388 1640 pei·
407 1619 454 1634 san-

269 1644 324 1661 etun·
361 1642 452 1662 Leonem

269 1671 321 1688 sati<
337 1668 454 1692 (turlanda,

468 410 576 432 ressor
596 399 735 443 imperii⁴
752 399 839 439 Quae
853 412 926 434 cum
938 401 977 435 de
990 406 1111 435 restrae
1125 407 1210 434 tran-

468 452 635 496 quillitatis
664 453 773 487 animo
804 459 890 487 certa
921 454 960 487 ab
982 455 1133 488 omnibus
1159 461 1206 488 te-

468 512 645 540 neanturet
658 507 732 548 fixa,
745 507 827 541 absit
839 513 873 541 ut
888 509 1088 553 temporibus
1097 510 1209 542 vestris

469 559 567 592 divini
588 561 692 594 cultus
719 561 883 604 integritas
904 568 935 595 et
955 562 1131 606 antiquitus
1156 573 1209 596 ro-

468 613 582 647 borata
602 614 677 647 fidei
698 615 875 649 catholicae
900 622 1031 660 putetur
1053 617 1208 660 interpel-

470 667 565 700 landa
586 666 593 683 ¹
615 668 793 702 sinceritas.

511 720 543 753 4.
567 720 737 765 Respicite,
762 733 892 766 quaeso,
917 723 957 756 ad
979 723 1084 755 divina
1113 723 1209 756 benc-

470 773 559 807 tieia:
584 780 614 807 et
635 786 717 819 quae
740 775 803 808 sint
822 776 912 809 vobis
932 777 1047 809 collata
1070 786 1209 819 perpen-

469 826 550 860 dite:
583 833 689 871 atque,
724 834 758 862 ut
788 829 868 862 haec
898 839 1054 873 prospera
1085 830 1207 862 valeant

468 890 681 923 permanere,
711 882 954 926 propitiandum
987 893 1054 916 esse
1083 888 1209 916 censete

469 939 634 968 auctorem
650 936 807 977 muneris,
822 947 887 970 non
901 937 1108 971 laedendum.
1125 938 1210 970 Inter

469 988 627 1031 quaslibet
651 989 736 1022 enim
767 991 994 1035 occupationes
1025 991 1169 1034 publicas
1193 1002 1210 1023 a

470 1041 621 1084 religioso
642 1042 788 1087 principe
808 1054 1006 1088 magnopere
1031 1055 1210 1088 procuran-

469 1096 545 1129 dum
565 1101 623 1137 est,
640 1097 727 1140 quod
746 1097 813 1131 eius
826 1099 966 1142 protegit
979 1098 1205 1142 principatum:

469 1155 499 1182 et
517 1150 730 1193 praeferenda
745 1152 867 1185 eunctis
886 1152 982 1185 rebus
997 1158 1045 1185 est
1062 1152 1210 1185 coelestis

468 1203 689 1238 observantiae
721 1205 881 1239 rectitudo
896 1233 903 1247 ,
938 1206 1006 1239 sine
1038 1217 1100 1250 qua
1124 1212 1209 1240 recte

468 1259 556 1291 nulla
577 1259 765 1292 consistunt.
791 1260 973 1304 Suppetunt
993 1260 1112 1293 affatim
1139 1260 1206 1293 ele-

468 1311 609 1345 mentiae
637 1318 709 1345 tuae
742 1313 780 1356 (si
812 1313 843 1345 in
875 1313 985 1357 palatii
1015 1313 1063 1347 sui
1087 1314 1208 1357 requiri

467 1366 597 1399 mandet
618 1366 781 1410 archiviis)
799 1377 872 1400 eum
893 1372 1078 1400 nostrorum
1092 1377 1209 1400 coeun-

467 1418 511 1452 tia
536 1418 723 1453 definitione
744 1421 904 1454 maiorum
930 1421 1125 1454 documenta
1150 1430 1206 1454 co-

466 1472 567 1516 piosa.
591 1473 700 1517 Neque
721 1468 806 1507 enim
829 1474 1057 1508 conscientiam
1070 1480 1207 1508 vestram

467 1526 567 1560 latere
587 1527 784 1561 eredendum
806 1533 863 1569 est,
889 1538 971 1572 quae
996 1538 1055 1572 per
1079 1533 1209 1561 cunctas

468 1580 650 1624 provineias
670 1580 808 1615 Orientis
819 1592 857 1615 ex
874 1581 1003 1626 imperii
1023 1582 1117 1615 vestri
1136 1592 1209 1616 arce

470 1633 585 1667 diffusa
604 1639 688 1668 sunt:
709 1635 764 1668 itta
783 1635 916 1676 scilieet,
940 1646 1022 1680 quae
1038 1635 1086 1669 vel
1101 1636 1139 1669 ad
1154 1646 1209 1668 au-

469 1693 579 1730 gustae
599 1688 776 1722 memoriae
793 1689 943 1722 Marciani
957 1689 1167 1722 nihilominus
1179 1694 1209 1722 et.

470 1740 600 1783 Leonis,
633 1742 682 1775 vel
714 1743 755 1775 ad
782 1742 1051 1776 Chalcedonensis
1082 1742 1207 1776 concilii

468 1795 583 1830 beatae
602 1795 838 1830 recordationis
863 1797 1092 1840 praedecessor
1119 1807 1209 1830 meus

468 1849 530 1883 Leo
551 1851 698 1884 consulta
718 1850 842 1883 direxit:
860 1850 976 1894 quilius
994 1850 1037 1883 ita
1056 1851 1150 1894 plene
1165 1856 1210 1884 at-

468 1915 529 1948 que
551 1905 690 1938 dilucide
708 1910 944 1937 sacramentum
967 1904 1149 1938 dominicae
1162 1904 1209 1937 in-

468 1958 664 1991 carnationis
682 1957 838 2002 exposuit,
854 1963 965 1991 utnon
987 1958 1084 1991 modo
1098 1958 1207 1991 catho-

467 2011 558 2052 licus,
586 2012 641 2044 sed
666 2022 706 2044 ne
733 2011 925 2045 christianus
950 2011 1080 2055 quidem
1107 2012 1208 2044 valeat

466 2066 656 2109 nuncupari,
678 2066 821 2110 quisquis
836 2066 899 2099 illic
913 2071 943 2099 et
956 2064 966 2082 ²
978 2065 1208 2109 redemptionis

466 2132 542 2154 suae
563 2132 675 2155 causas
695 2132 760 2155 non
781 2122 945 2155 evidenter
965 2126 1126 2163 agnoscat.

511 2175 540 2208 ἴ).
565 2176 654 2209 Certe
666 2182 699 2209 ut
710 2176 832 2209 facilius
849 2176 938 2209 vobis
951 2175 1130 2209 necessaria
1143 2185 1206 2207 non

467 2228 546 2262 «lesit
569 2229 759 2269 instructio,
794 2229 980 2263 earumdem
1013 2228 1207 2272 exemplaria

505 2351 512 2375 1
533 2349 582 2375 Cit.
600 2348 659 2375 cod.
675 2349 894 2384 interpolanda.

501 2394 517 2419 9.
538 2393 587 2420 (lit.
606 2393 664 2420 cod.
682 2394 768 2420 omitt.
786 2397 820 2421 el.

502 2443 518 2469 3
535 2453 545 2467 a
564 2442 658 2474 Quidd.
681 2443 745 2470 edit.
766 2443 875 2470 nullius
892 2452 916 2469 n.
937 2442 1012 2469 Cont.
1034 2442 1124 2469 Const.
1142 2442 1158 2468 1.
1181 2450 1204 2468 c.

503 2488 517 2513 lt
542 2498 554 2511 «
569 2488 755 2521 ALpraeslat.
773 2487 868 2513 Melius
882 2490 1001 2522 perslal,
1019 2487 1069 2513 lioc
1081 2490 1120 2512 est
1138 2495 1205 2521 prr-

466 2535 575 2559 sei-erut
595 2542 616 2558 u,
639 2532 712 2558 Cont.
732 2532 821 2559 Const.
840 2532 856 2558 Ι.
876 2541 899 2558 c.

502 2576 518 2602 5
542 2575 650 2602 «Verba
665 2577 834 2610 apostolicae
853 2577 1002 2604 doctrinae
1013 2575 1123 2611 perinde
1137 2575 1205 2601 acci·
1222 2575 1223 2580 ¹

1245 401 1386 434 serenda.
1411 402 1495 435 llaec
1516 401 1614 443 igitur
1635 400 1737 445 pietas
1758 406 1810 434 tua
1831 401 1855 433 si
1873 411 1985 433 recen-

1244 465 1314 488 sere
1336 455 1496 497 dignetur,
1533 455 1579 488 vel
1610 465 1691 498 quae
1723 454 1818 487 totius
1847 453 1985 487 Orientis

1245 508 1385 552 episcopi
1405 509 1443 541 dc
1458 508 1553 541 huius
1577 508 1824 552 praedicationis
1845 518 1982 540 eonsen-

1243 554 1333 594 sione
1356 561 1589 605 rescripserint,
1607 561 1736 605 aspiciet
1752 562 1896 605 profecto
1915 571 1986 593 exa-

1245 614 1365 647 minata
1379 614 1551 657 diligenter
1562 621 1592 648 et
1604 614 1982 658 veraciterpromulgata‚

1245 673 1340 712 atque
1361 668 1434 701 ideo
1454 668 1625 712 pestiferae
1637 668 1779 701 falsitatis
1797 667 1985 709 ambagibus

1245 732 1449 765 nequaquam
1471 722 1588 755 dehere
1612 721 1744 765 pulsari.
1773 720 1852 760 Quia
1876 730 1986 753 revera

1245 785 1327 818 quae
1354 775 1392 808 de
1421 775 1653 819 scripturarum
1693 775 1779 808 fonte
1812 773 1985 819 purissimo

1245 828 1368 861 sincera
1389 829 1625 872 perspicuaque
1646 832 1829 867 manarunt,
1858 826 1955 859 nullis
1975 825 1986 841 ³

1245 882 1359 924 agitari
1379 882 1554 916 nebulosae
1575 882 1734 915 versutiae
1755 886 1906 926 poterunt
1933 890 1984 913 ar-

1245 937 1416 978 gumentis.
1440 936 1582 970 Perstat⁴
1596 937 1680 970 enim
1701 936 1731 969 in
1746 934 1984 969 successoribus

1244 990 1310 1023 suis
1336 990 1415 1024 haec
1447 996 1475 1024 et
1508 991 1619 1024 eadem
1651 990 1846 1034 apostolicae
1870 998 1984 1022 norma

1245 1044 1412 1077 doctrinae
1431 1045 1459 1085 ⁵,
1490 1044 1540 1077 eui
1566 1043 1720 1077 Dominus
1745 1043 1842 1076 totius
1872 1052 1981 1075 curam

1244 1098 1334 1132 ovilis
1356 1099 1503 1140 iniunxit,
1528 1099 1578 1132 eui
1598 1110 1631 1132 se
1645 1098 1790 1142 usquein
1805 1097 1901 1130 finem
1916 1107 1984 1130 sae-

1244 1152 1306 1185 culi
1328 1153 1461 1186 minime
1482 1153 1679 1193 defuturum,
1703 1151 1753 1185 eui
1772 1151 1783 1168 ⁶
1802 1155 1910 1195 portas
1931 1150 1981 1182 in-

1244 1206 1303 1239 seri
1316 1216 1481 1250 nunquam
1496 1206 1727 1250 praevalituras
1741 1215 1808 1238 esse
1822 1204 1981 1248 promisit3

1244 1259 1334 1293 cuius
1351 1260 1519 1301 sententia,
1540 1270 1623 1303 quae
1641 1259 1818 1302 ligarentur
1832 1258 1862 1290 in
1876 1257 1981 1297 terris,

1243 1313 1322 1346 solvi
1345 1319 1475 1347 testatus
1488 1319 1611 1347 estnon
1624 1323 1718 1357 posse
1737 1311 1843 1345 necin
1857 1311 1948 1344 coelo
1960 1311 1980 1342 ⁷.

1288 1367 1317 1400 6.
1334 1367 1538 1412 Quapropter
1549 1367 1752 1401 clementiam
1765 1371 1916 1406 vestram,
1933 1364 1982 1398 cui

1244 1431 1315 1454 mea
1336 1421 1403 1455 vice
1414 1421 1605 1465 propensius
1619 1421 1718 1454 frater
1731 1425 1761 1453 et
1774 1418 1983 1463 coepiscopus

1244 1485 1333 1508 meus
1353 1475 1486 1508 Aeacius
1506 1473 1734 1518 supplicabit⁸‚
1751 1483 1868 1517 precor
1887 1477 1982 1516 atque

1244 1529 1379 1563 obsecro
1405 1535 1440 1562 ut
1463 1529 1640 1562 imitatores
1660 1528 1734 1561 sacti
1765 1533 1928 1560 tantorum
1953 1531 1984 1560 et

1244 1583 1353 1616 talium
1393 1593 1635 1627 praecessorum
1652 1609 1659 1623 ‚
1697 1581 1854 1615 nefandae
1884 1590 1981 1624 prae-

1243 1636 1435 1681 sumptionis
1471 1636 1636 1680 operarios
1666 1635 1824 1669 catholieo
1852 1639 1983 1678 pectore

1243 1696 1442 1735 respuentes,
1458 1690 1546 1733 regia
1558 1689 1712 1723 censeatis
1725 1694 1882 1733 potestate
1894 1687 1983 1721 colii-

1242 1744 1322 1777 beri.
1346 1744 1502 1787 Quisquis
1515 1743 1611 1776 aliud
1622 1743 1715 1787 (sicut
1730 1741 1889 1786 praedixit
1901 1742 1985 1785 Apo-

1243 1798 1369 1842 stolus),
1384 1803 1617 1842 praeterquam
1627 1797 1714 1841 quod
1726 1796 1917 1840 accepimus,
1936 1805 1984 1828 se-

1243 1853 1371 1885 tm'nurc
1389 1852 1537 1893 molitur,
1565 1851 1742 1884 anathema.
1768 1850 1838 1883 352⁹.
1873 1849 1984 1882 Nullus

1243 1906 1282 1938 ad
1319 1916 1412 1949 aures
1447 1911 1567 1939 vestras
1597 1904 1788 1949 perniciosis
1823 1902 1984 1936 mentibus

1242 1959 1436 2003 subrependi
1448 1958 1470 1975 ¹⁰
1480 1959 1640 2003 pandatur
1652 1968 1814 1991 accessus:
1832 1957 1920 1990 nulla
1932 1966 1982 1990 re-

1244 2013 1409 2046 tractando
1430 2011 1596 2056 quidpiam
1618 2011 1657 2044 de
1678 2010 1839 2044 veteribus
1859 2009 1979 2043 consti--

1244 2067 1319 2099 tutis
1339 2066 1458 2099 fiducia
1478 2065 1685 2099 concedatur.
1710 2064 1789 2104 Quia
1802 2063 1897 2108 (sicut
1914 2073 1982 2096 sae-

1243 2120 1314 2163 pius
1353 2119 1535 2152 iterandum
1576 2120 1634 2161 est)
1670 2118 1757 2162 quod
1797 2116 1981 2160 apostolicis

1243 2172 1390 2205 manilius
1404 2183 1476 2205 eum
1486 2172 1645 2205 Ecclesiae
1654 2170 1842 2204 universalis
1852 2180 1982 2203 assensu

1241 2227 1309 2260 acie
1331 2227 1443 2260 meruit
1472 2226 1674 2269 evangelicae
1707 2225 1794 2257 sals-is
1823 2223 1978 2260 abscindi,

1276 2348 1292 2375 6
1311 2347 1359 2374 Cit.
1377 2347 1436 2374 cort.
1454 2356 1552 2382 quum.
1570 2347 1715 2382 I‘erperain
1732 2346 1764 2372 ad
1779 2348 1846 2372 orat.
1865 2348 1980 2372 context.

1277 2393 1290 2419 7
1307 2392 1378 2419 Mau.
1396 2399 1450 2427 xvt‚
1474 2393 1515 2426 18,
1534 2392 1574 2418 19.

1276 2437 1291 2464 8
1308 2437 1359 2464 Cit.
1373 2437 1432 2464 cod.
1445 2436 1628 2471 supplicavit.
1648 2435 1791 2471 l‘erperain
1806 2435 1837 2461 ad
1854 2443 1896 2470 ep.
1915 2442 1980 2460 con-

1242 2485 1306 2508 text.

1275 2528 1291 2554 9
1311 2527 1392 2553 Galat.
1409 2535 1434 2561 t,
1451 2527 1476 2560 9,
1495 2526 1539 2553 ubi
1551 2525 1620 2562 apud
1636 2525 1714 2560 Vntg.
1739 2524 1850 2560 legitur:
1868 2525 1902 2552 Si
1918 2524 1981 2559 quis

1241 2572 1316 2599 robis
1335 2571 1573 2606 etioityclizareri'l
1586 2572 1704 2605 praecor
1719 2569 1760 2603 id,
1777 2569 1852 2604 quod
1869 2569 1979 2604 aceepi-

468 2620 565 2655 pienda
580 2625 651 2654 sunt,
668 2621 729 2648 acsi
746 2620 882 2655 legeretur
891 2622 985 2655 sipost.
1001 2621 1111 2648 lutri».
1130 2621 1204 2646 tlont.
1239 2615 1299 2647 sll'&
1318 2617 1475 2642 (ΗῖίῑΙῘῑθυῑα
1489 2615 1537 2642 sil»

468 2661 558 2688 Consi.
581 2662 586 2687 1
616 2670 637 2687 r.

1279 2662 1308 2686 lt!
1329 2660 1366 2687 At.
1383 2660 1572 2694 subripiendi.
1597 2658 1692 2685 ‚timulo
1713 2657 1871 2693 typograpli,

2011 1371 2118 1391 Haeretici
2126 1371 2183 1397 prin-

1998 1398 2052 1424 cipis
2067 1397 2183 1418 auctorita-

1998 1427 2018 1446 te
2025 1424 2183 1451 comprimendi.

2039 1904 2116 1925 Vetera
2132 1910 2181 1924 1-1111-

1997 1932 2071 1951 stituta
2086 1937 2126 1951 aun
2150 1937 2180 1951 rr-

1998 1958 2114 1979 tractanda.

2217 939 2232 966 j?

2213 967 2238 997 ῗκ

2012 997 2091 1028 Eadem
2103 997 2122 1018 in
2131 997 2184 1027 Leo·

1998 1031 2029 1045 ms
2053 1029 2183 1045 successum·
2216 1042 2220 1047 ,

1999 1053 2037 1072 tius
2051 1050 2155 1073 doctrina.

2216 1087 2231 1109 5.

2241 1383 2244 1407 i
