2244 3183
890 221 916 245 s.
941 221 1096 245 onmsms
1117 221 1127 245 1
1148 221 1197 245 ΡΡ.
1712 210 1769 244 ⁵271
1840 221 1891 247 An.
1908 220 1936 247 n.
1953 221 2005 248 493

328 272 497 305 haereticis
510 272 738 311 communicat,
758 270 890 313 eiusque
904 269 1024 302 obiecta
1064 269 1142 302 haec
1159 269 1270 311 regula
1290 268 1375 312 apud
1397 269 1505 301 Patres
1526 273 1664 307 nostros,
1686 268 1803 312 quibus
1829 282 2005 303 aomromtfleis

1821 309 1897 329 electio
1917 315 2004 334 praeva-

326 325 467 367 diluem,
483 329 519 359 ut
538 324 646 358 redeat
666 324 708 358 acl
727 323 887 358 Ecclesiae
914 324 1025 355 unita-
1064 333 1126 354 una
1158 321 1314 355 catholica
1348 321 1588 366 apostolicaque
1620 321 1806 355 communio
1821 336 1948 356 finivimus
1964 341 2005 356 nou

1821 362 2003 382 communicanda,

86 228 135 254 An.
153 227 183 254 C.
202 225 252 254 493

330 384 393 413 tem
411 379 581 419 hortatum
605 378 743 422 [lenique
765 377 885 420 lassatos
903 377 1030 409 mittere
1063 375 1102 407 ah
1129 375 1217 408 omni
1247 375 1543 418 praevaricatorum
1570 374 1671 407 libera
1696 375 1803 418 pollu-

326 434 471 467 abnuens
485 444 549 467 sese
565 444 580 465 e
593 432 794 477 pertinaciae
808 435 884 464 nota
901 431 1028 463 liberat.
1044 461 1046 480 ,
1064 428 1150 461 tione
1172 429 1350 462 constabat.
1375 429 1465 462 Nunc
1486 434 1592 461 autem
1613 438 1685 461 cnm
1707 427 1808 461 socie-

364 542 566 571 Dilectissimo
591 540 698 569 tratri1
719 540 919 574 euphemiano
937 544 947 561 ι’

571 598 739 629 Gelasius.

325 692 416 732 Quod
447 692 542 736 plene
566 692 576 708 ³
605 692 765 736 cupimus,
789 697 884 735 atque
903 691 1027 724 sincera

83 754 265 780 Eupnemianiar-
281 744 357 780 fidei
379 746 687 791 communionisque
712 745 890 780 catholicae
913 745 1024 779 redin-

81 782 200 807 rogandam
221 788 265 804 car·

283 801 462 843 tegratione
495 801 618 834 firmari
650 801 763 835 asserit
798 806 850 834 tua
881 800 1023 840 dilectio,

281 855 369 899 quod
395 855 485 889 alteri
510 856 597 889 solus
628 865 693 889 non
723 855 859 888 sufficiat
885 854 1024 895 auditus,

282 908 342 942 nisi
369 919 427 953 per
455 909 577 942 litteras
602 909 814 952 spectaverit⁴
835 908 1025 951 significan-

283 962 358 995 tiam
373 968 607 1006 provocantem
621 963 630 977 ⁵
648 962 688 995 de
702 962 751 995 his
769 972 851 1006 quae
866 962 950 995 circa
968 973 1027 996 nos

281 1016 478 1060 dispensatio
497 1016 604 1049 divina
630 1016 776 1060 perfecit,
799 1022 833 1049 ut
853 1016 898 1049 sic
925 1016 954 1048 in
976 1026 1025 1049 se-

282 1070 397 1104 cundis
422 1071 523 1104 vicem
557 1070 758 1104 salutationis
788 1070 1022 1115 impenderem.

281 1124 351 1157 Non
377 1124 655 1157 arbitramumvet
689 1124 896 1158 dilectionem
924 1130 1023 1165 tuam,

280 1178 329 1212 vel
352 1177 493 1222 aliquem
512 1178 557 1212 sic
578 1178 639 1212 hoc
664 1189 794 1222 sperare
820 1178 975 1222 potuisse,
992 1183 1024 1211 ut

280 1237 407 1276 putaret
431 1242 501 1272 nos,
525 1232 571 1265 vel
593 1232 824 1275 aliquempiam
849 1232 1022 1275 potiorem,

280 1296 363 1329 quae
383 1291 457 1319 sunt
471 1291 559 1329 gesta
573 1286 761 1327 referentes,
783 1285 953 1318 debuisse⁶
970 1296 1023 1319 re-

280 1349 398 1383 sponsa
422 1339 625 1383 promereri:
654 1339 730 1383 quia
750 1338 846 1372 nimis
867 1338 1027 1372 iudicare-

281 1399 333 1426 tur
357 1403 525 1436 arrogans,
560 1394 586 1426 si
622 1394 661 1427 de
693 1393 799 1437 prima
825 1394 900 1427 sede
921 1393 1026 1427 taliter

280 1446 503 1480 existimasset.
532 1447 623 1486 Quod
644 1447 685 1487 si,
714 1453 747 1480 ut
778 1447 878 1490 magis
906 1447 1023 1490 opina-

270 1503 365 1540 *mur‚
383 1500 472 1544 quasi
494 1500 599 1540 sociis,
618 1501 734 1544 quihus
747 1511 896 1544 praeesse
910 1500 1025 1534 Christi

281 1564 414 1587 munere
435 1554 618 1596 delegatum
645 1560 702 1595 est,
735 1554 953 1598 Apostolicain
969 1554 1025 1587 Se-

280 1607 351 1640 detn
379 1607 559 1641 institutum
586 1607 646 1641 sibi
677 1608 802 1641 noviter
822 1608 1023 1641 sacerdotem

280 1661 510 1704 praeeuntibus
530 1661 712 1705 oportuisse
727 1661 830 1695 dixisti
849 1661 963 1695 litteris
977 1661 1024 1694 in-

279 1714 417 1753 dicare⁷·,
442 1715 501 1747 fuit
521 1715 684 1759 quondam
707 1715 922 1748 ecclesiastica
936 1720 1024 1748 vetus

277 1824 368 1857 gatum
384 1821 499 1857 accepit,
520 1821 583 1849 fidei
603 1830 668 1849 suae
681 1822 880 1850 confessionem
897 1823 977 1856 misit,
995 1827 1024 1849 ut

278 1866 532 1894 communicatorias
567 1866 670 1894 litteras
704 1867 871 1902 impetraret.
903 1867 1022 1894 Pontifex

278 1914 367 1937 autem
395 1911 547 1947 respondit,
564 1919 703 1947 nunquam
720 1911 794 1938 illum
819 1911 845 1938 in
861 1911 1022 1939 catholicam

278 1955 495 1983 communionem
530 1960 669 1992 receptum
690 1956 734 1989 iri,
757 1956 806 1982 nisi
832 1956 906 1992 prius
933 1956 1022 1984 Aeacii

279 2008 376 2028 nomen
393 2008 407 2027 e
418 2000 502 2028 sacris
518 2000 652 2037 diptychis
668 2005 844 2037 expungeret.
862 2001 965 2032 Quibus
980 2001 1023 2028 lit-

278 2044 342 2072 teris
369 2054 450 2081 quum
482 2045 682 2081 Euphemianus
701 2045 834 2081 quaedam
866 2049 1020 2082 reponeret,

278 2090 398 2118 Gelasius
417 2091 485 2118 haec
499 2091 640 2127 rescripsit
655 2091 727 2119 iuxta
744 2091 848 2118 Binium
864 2100 935 2119 anno
952 2092 1022 2119 Pou-

278 2135 393 2163 tiftcatus
412 2136 453 2163 sui
475 2136 570 2171 primo.

316 2180 325 2206 t
349 2179 386 2206 Ne
411 2179 517 2207 mireris
545 2180 764 2216 Euphemianum
789 2181 923 2209 catholica
947 2190 1021 2209 com-

278 2224 405 2252 munione
421 2229 556 2252 extorrem
577 2233 592 2251 a
608 2225 739 2252 Pontifice
754 2225 864 2254 fratrem
879 2227 1020 2263 appellari,

277 2268 409 2305 siquidem
432 2269 457 2296 id
474 2269 508 2296 ob
529 2270 663 2296 humanae
687 2274 809 2304 naturae,
826 2274 853 2298 et
882 2270 1022 2298 christiani

277 2313 393 2341 nominis
415 2313 584 2341 identitatem
601 2314 640 2341 vel
656 2315 784 2342 Patribus
804 2315 948 2352 aliquando
965 2316 1022 2343 usi-

276 2358 478 2386 tatum.v.sev,
495 2359 552 2386 Bin.
566 2359 636 2395 apud
647 2359 731 2387 Mansi
747 2363 803 2387 not.
820 2361 836 2388 6
851 2360 883 2388 ad
897 2361 965 2389 hanc
976 2370 1019 2397 ep.

310 2404 326 2431 2
343 2403 381 2431 lta
397 2413 457 2431 cuin
473 2403 538 2431 edit.
551 2412 620 2432 rom.
635 2404 726 2440 plures
744 2404 818 2432 editi.
836 2405 912 2432 Cont.
929 2406 1020 2433 Const.

275 2449 348 2477 iuxta
367 2449 446 2476 codd.
463 2449 666 2484 Corbeiensein,
689 2458 719 2477 ac
744 2450 943 2486 Remigiannm,
961 2451 1021 2486 qui-

276 2494 326 2522 bus
345 2498 373 2522 et
387 2494 422 2522 al.
439 2494 583 2528 accedunt,
602 2495 770 2530 Euphemio.

310 2542 326 2570 3
346 2543 434 2571 Baron
447 2544 546 2579 plane·

311 2592 325 2619 4
344 2601 355 2618 ‹
373 2592 529 2627 Spectasset
549 2605 572 2620 u.
590 2593 654 2621 cod.
671 2593 751 2621 Corh.

310 2642 326 2669 5
342 2641 437 2669 Baron.
450 2644 684 2678 synisicationem
695 2641 897 2678 provocatam
908 2643 957 2671 hoc
969 2647 1020 2678 cst,

1065 487 1161 515 tatem
1176 483 1338 526 praeferre
1357 482 1475 515 malitis
1493 489 1694 522 extraneam,
1710 492 1806 526 quain

1063 535 1103 568 ad
1129 535 1213 569 beati
1239 536 1322 568 Petri
1352 547 1468 579 purum
1493 536 1598 569 redire
1626 536 1804 568 illibatum--

1063 600 1124 632 que
1150 589 1366 622 consortium:
1403 589 1567 629 Quomodo
1601 590 1806 622 cantabimus·

1062 643 1223 675 canticum
1238 642 1374 675 Domini
1393 643 1426 675 ιή
1444 647 1527 675 terra
1542 643 1651 676 alienu
1669 643 1705 676 ΒΓ).
1721 643 1807 682 Ouo-

1063 696 1159 729 modo
1186 696 1407 740 dispositionis
1442 697 1639 740 apostolicae
1671 697 1805 740 antiqua

1062 750 1192 783 foedera
1213 749 1429 793 praebeamus
1451 750 1639 783 hominihus
1653 761 1803 784 commu-

1062 803 1170 837 nionis
1202 809 1372 836 extraneae
1385 805 1399 835 ‘J
1433 803 1714 842 Quemadmodum
1749 814 1804 837 vo-

1062 856 1110 890 bis
1142 856 1380 890 ordinationem
1414 857 1638 890 renuntiatura
1667 863 1728 897 est,
1757 857 1807 890 cui

1061 916 1167 944 vestro
1181 910 1277 943 etiam
1289 910 1473 943 testimonio
1484 910 1662 944 haereticos
1677 911 1808 944 damna-

1064 970 1110 997 tos
1133 966 1144 980 ⁹
1171 964 1397 1008 praeponitis‘.l
1419 965 1506 998 Dicet
1526 964 1660 998 forsitan
1683 970 1735 998 tua
1760 965 1808 998 di-

1061 1018 1168 1057 lectio,
1188 1018 1367 1051 haereticos
1381 1019 1551 1052 damnatos
1572 1018 1632 1052 dici
1655 1018 1806 1052 Acacium

1061 1078 1090 1105 et
1105 1072 1246 1105 Petrum.
1267 1071 1328 1105 Cur
1344 1072 1375 1112 ¹⁰,
1397 1072 1421 1105 si
1441 1072 1486 1105 fas
1501 1082 1564 1105 non
1584 1077 1640 1113 est,
1657 1082 1807 1116 praesen-

1061 1125 1146 1159 tibus
1172 1126 1285 1158 saltem
1310 1125 1425 1158 litteris
1454 1125 1681 1170 colloquamur
1693 1127 1707 1158 ⁴?
1729 1126 1806 1166 Quia

1060 1179 1153 1213 aliter
1167 1178 1368 1223 appellamus
1383 1179 1564 1212 dominicae
1586 1190 1715 1212 mensae
1736 1190 1808 1224 par-

1061 1232 1193 1276 ticipes,
1227 1232 1321 1266 aliter
1338 1232 1392 1276 qui
1414 1232 1446 1265 in
1468 1232 1535 1266 eius
1557 1232 1726 1266 nobiscum
1757 1243 1808 1266 so-

1061 1286 1175 1319 cietate
1209 1285 1418 1326 dissentiun13
1447 1286 1523 1329 quia
1555 1286 1622 1330 ipse
1652 1286 1808 1319 Dominus

1061 1340 1124 1373 alio
1146 1340 1243 1373 niodo
1265 1339 1361 1372 verba
1380 1338 1394 1355 ¹¹
1411 1339 1547 1373 faciebat
1565 1350 1583 1373 a
1600 1350 1656 1373 sua
1678 1340 1807 1384 praedi-

1060 1394 1186 1427 catione
1220 1393 1383 1433 discretis,
1418 1394 1480 1427 alio
1513 1393 1679 1438 discipulis
1714 1394 1805 1436 regni

1061 1448 1209 1482 coelestis
1224 1454 1347 1482 secreta
1368 1448 1541 1492 pandebat.
1566 1448 1808 1492 Consequenter

1061 1513 1191 1546 quoque
1217 1502 1353 1547 apostoli
1380 1513 1443 1536 nou
1466 1503 1507 1535 ita
1535 1513 1551 1535 a
1583 1513 1642 1536 suo
1670 1502 1806 1545 collegio

1061 1556 1229 1600 separatis,
1254 1556 1530 1600 quemadmodum
1550 1555 1625 1589 fidei
1647 1556 1802 1589 domesti-

1061 1610 1116 1650 cis,
1142 1610 1412 1654 consortibusque
1435 1609 1663 1653 loquebantur.
1687 1609 1749 1642 Sed
1763 1609 1805 1642 ait

1060 1663 1190 1697 dilectio
1216 1669 1281 1703 tua,
1307 1669 1428 1696 tantuin
1458 1663 1543 1696 circa
1566 1673 1615 1696 me
1635 1673 1703 1697 sese
1725 1663 1813 1695 cha:

1060 1717 1161 1750 ritatis
1189 1717 1356 1754 habuisse,
1388 1723 1418 1751 ut
1450 1727 1513 1750 non
1534 1717 1638 1750 solum
1661 1716 1699 1750 ad
1720 1716 1800 1750 scri-

1058 1824 1145 1860 inquit
1162 1824 1201 1851 vir
1217 1825 1262 1857 cl.‚
1278 1824 1416 1852 reddendo
1430 1824 1573 1851 certiorem
1586 1832 1657 1855 eum,
1669 1824 1715 1860 qui
1725 1827 1803 1851 antea

1057 1869 1155 1897 litteris
1174 1869 1378 1905 responsionem
1390 1869 1554 1905 provocavit.
1572 1869 1743 1897 Cont.Const.
1760 1869 1801 1897 lo-

1058 1923 1118 1942 cum
1137 1923 1201 1942 sane
1217 1914 1382 1950 implicatum
1399 1913 1436 1941 ita
1457 1914 1571 1941 feliciter
1592 1914 1712 1950 expedit:
1734 1914 1804 1941 «Ait

1058 1959 1169 1987 dilectio
1190 1962 1257 1992 itta,
1283 1959 1357 1994 quod
1377 1959 1465 1987 alteri
1485 1967 1543 1985 non
1558 1959 1665 1994 suflicit
1685 1959 1804 1986 anelitus

1057 2005 1089 2031 de
1104 2005 1159 2038 his,
1176 2012 1247 2039 quae
1263 2004 1342 2032 cirea
1357 2012 1409 2030 nos
1428 2004 1603 2038 dispensatio
1620 2004 1719 2031 divina
1732 2012 1802 2038 per-

1056 2049 1135 2083 fecit,
1153 2056 1222 2084 quae
1243 2048 1338 2075 extulit
1353 2056 1401 2075 nos
1417 2048 1450 2075 ad
1465 2048 1648 2084 apostolorum
1664 2047 1801 2081 thronum,

1056 2094 1115 2121 nisi
1135 2102 1191 2128 per
1213 2093 1324 2121 litteras
1342 2094 1509 2128 spectat-erit
1525 2101 1556 2119 ea
1574 2092 1624 2119 sihi
1644 2092 1801 2128 significari,

1057 2147 1207 2174 provocans
1226 2147 1278 2173 me,
1296 2141 1326 2165 nt
1341 2139 1381 2166 sic
1396 2139 1423 2166 in
1441 2139 1616 2166 secundis...
1634 2150 1660 2166 ι».

1092 2188 1107 2215 6
1123 2188 1225 2224 Supple
1241 2188 1324 2216 talia.

1093 2238 1106 2264 7
1128 2237 1176 2264 tlic
1191 2237 1225 2265 al.
1242 2240 1338 2264 contra
1362 2245 1469 2265 sensum
1496 2241 1623 2273 punctum
1640 2237 1799 2273 appingunt.

1091 2287 1107 2314 8
1128 2286 1227 2313 Psalin.
1244 2293 1353 2321 cxxxvi,
1370 2287 1394 2313 4.

1091 2331 1107 2357 9
1123 2331 1189 2358 Cod.
1215 2330 1273 2357 Yat.
1298 2331 1365 2357 1340
1384 2331 1551 2362 haereticos,
1573 2331 1799 2366 dannnntosmoe:

1056 2375 1169 2409 scilicet,
1183 2378 1258 2402 notat
1275 2374 1438 2408 llarduinus,
1456 2376 1577 2403 Petrum
1589 2376 1775 2403 etAcacz‘um.

1093 2421 1126 2447 10
1141 2421 1182 2447 At.
1204 2421 1273 2447 male
1286 2420 1431 2452 Quodsi...
1450 2420 1633 2447 Obiectionem
1649 2424 1737 2447 autem
1747 2420 1801 2447 Eu-

1056 2465 1193 2502 phemiani
1205 2465 1464 2500 faciliusintelliges,
1482 2465 1503 2492 si
1519 2474 1578 2492 rem
1600 2465 1636 2492 ita
1651 2465 1796 2501 expedias:

1060 2522 1071 2535 ‹<
1088 2510 1157 2544 Cur,
1174 2511 1199 2536 si
1220 2512 1265 2544 fas
1287 2518 1341 2536 non
1364 2513 1404 2537 es!
1420 2518 1483 2536 cum
1500 2510 1653 2538 haereticis
1671 2519 1800 2538 commu-

1056 2555 1166 2586 nicare,
1192 2563 1235 2581 me
1260 2554 1464 2589 praesentibus
1479 2555 1580 2583 saltem
1605 2555 1711 2583 litteris
1726 2554 1798 2581 allo-

1055 2599 1175 2634 queris?
1189 2610 1200 2623 ι»

1094 2644 1118 2670 tt
1139 2643 1180 2671 Cit
1204 2643 1264 2671 cod.
1275 2652 1338 2671 sane
1349 2652 1507 2671 amanuens,
1522 2644 1583 2672 titio
1595 2643 1692 2671 omittit
1703 2643 1796 2672 verbu.

1848 1029 1875 1049 tis
1891 1030 2006 1050 tumentia-3

1821 1056 1903 1076 litteras
1923 1059 2005 1076 mittere

1821 1089 1860 1102 non
1878 1083 1971 1102 illiciti-nu

1862 1615 1946 1635 t'rwm
1963 1614 2004 1634 Eu-

1821 1643 1946 1667 phunnuuns
1966 1643 2004 1661 Se·

1821 1670 1852 1689 di<
1869 1670 1901 1694 tp.
1913 1674 2003 1688 cummu-

1820 1696 1904 1716 nionem
1916 1695 2004 1715 =utu10t==

1820 1728 1934 1748 [triumfant
1949 1738 1952 1742 ,
