2244 3183
68 215 118 242 An.
139 214 167 242 C.
184 213 235 241 449

100 1288 121 1308 ln
131 1293 171 1307 una
182 1286 258 1307 Christi

73 1319 164 1339 persona
184 1314 259 1339 duplex

75 1343 104 1361 est
115 1342 195 1361 natura.
204 1346 230 1359 ac
240 1346 260 1359 u-

75 1370 169 1393 triusque
185 1367 260 1387 indiu-

74 1394 116 1414 dua
131 1394 258 1419 proprietas.

925 213 950 235 S.
974 213 1037 236 LEO
1058 213 1068 236 1
1089 214 1138 236 PP.

267 272 392 305 semper
414 261 576 305 Virginem
598 265 604 280 ¹
622 261 760 304 Angelus
782 260 844 293 ait:
866 260 1010 303 Spiritus

267 316 405 349 Sanctus
426 314 627 358 superveniet
647 314 681 346 in
711 317 748 352 te,
772 318 800 346 et
825 315 927 346 virtus
952 313 1010 346 Al-

269 369 390 402 tissimi
409 368 615 401 obumbrabit
632 367 702 400 tibi:
717 367 851 411 ideoque
863 371 892 400 et
905 368 1011 411 '²quocl

268 426 419 455 nascetur
438 433 476 455 ea:
495 426 522 455 te
539 422 708 461 Scmctum,
723 421 890 454 vocabitur
900 422 930 454 F
932 421 1011 453 ilius

267 475 328 509 Dei
343 476 371 517 ³,
394 481 429 509 ut
452 475 527 519 quia
548 479 722 518 conceptus
748 474 887 518 Virginis
911 474 1009 507 divini

267 529 326 563 suit
346 529 469 574 operis,
503 539 569 562 non
593 529 631 562 de
659 534 773 562 natura
800 527 1011 571 concipientis

267 583 365 616 fuerit
381 594 453 616 caro
470 582 639 625 concepti?
656 582 717 615 Sed
744 592 809 615 non
827 582 869 614 ita
885 582 894 598 ⁴
911 582 1008 615 intel-

269 635 395 679 ligenda
413 641 459 669 est
476 635 528 668 illa
546 635 709 678 generatio
728 635 935 678 singulariter
955 635 1012 668 mi-

270 689 391 729 rabilis,
418 695 447 723 et
470 688 664 722 mirabiliter
691 688 873 733 singularis,
902 694 935 722 ut
958 699 1013 732 per

269 743 443 776 novitatem
471 741 639 775 creationis
664 742 844 785 proprietas
868 743 1013 775 remota*

270 795 311 828 sit
327 795 463 838 generis.
492 795 755 829 Foeounditatem
778 796 863 829 enirn
887 795 1011 838 Virgini

270 848 407 891 Spiritus
425 848 558 882 Sanctus
575 848 674 890 dedit,
692 850 804 882 veritas
818 855 924 882 autem
944 860 1012 882 cor-

271 902 357 946 poris
378 907 503 946 sumpta
529 903 566 935 de
585 913 719 947 corpore
744 908 791 936 est
811 914 819 943 ;
842 909 872 937 et
895 903 1010 936 aedifi-

271 962 363 989 cante
384 956 444 989 sibi
476 955 638 1000 Sapientia
662 955 793 989 domum
811 956 821 973 ‘³
837 985 844 997 ‚
879 957 1013 989 Verbum

271 1020 344 1042 caro
363 1010 486 1052 factum
505 1014 560 1050 est,
584 1014 613 1043 et
633 1010 796 1043 habitavit
817 1010 853 1043 in
874 1011 965 1043 nobis
984 1011 1011 1042 ⁷:

272 1064 331 1096 hoc
349 1069 408 1103 est,
430 1063 461 1095 in
476 1073 513 1096 ea
530 1074 637 1104 carne,
653 1074 748 1106 quam
766 1064 939 1107 assumpsit
955 1064 965 1079 ⁸
978 1075 1013 1097 ex

272 1116 412 1157 homine,
428 1123 458 1151 et
472 1128 569 1160 quam
586 1117 716 1161 spiritus
732 1117 743 1133 ⁹
756 1118 837 1151 vitae
852 1118 1015 1151 rationalis

273 1171 435 1204 animavit.

317 1224 390 1258 CAP.
408 1224 462 1257 111.
480 1224 679 1267 Salvaigitur
692 1225 885 1268 proprietate
898 1226 1015 1259 utrius-

275 1288 337 1320 que
358 1283 490 1310 naturae
507 1284 538 1311 et
555 1278 750 1311 substantiae
768 1279 800 1318 ¹⁰,
820 1285 849 1312 et
868 1280 899 1312 in
918 1290 1014 1312 unam

275 1336 409 1363 coeunte
433 1340 603 1374 personam
621 1330 652 1370 ¹¹,
676 1337 823 1375 suscepta
838 1338 884 1365 est
908 1343 924 1364 a
943 1343 1013 1364 ma-

275 1383 384 1417 iestate
409 1384 585 1424 humilitas,
606 1396 624 1418 a
640 1385 755 1418 virtute
779 1385 959 1424 infirmitas,
979 1387 1016 1419 ab

275 1436 461 1469 aeternitate
481 1437 669 1470 mortalitas:
689 1443 718 1471 et
736 1438 774 1470 ad
794 1439 1016 1471 resolvendum

275 1487 468 1522 conditionis
495 1495 620 1523 nostrae
642 1490 785 1523 debitum
803 1519 810 1532 ‚
830 1496 943 1524 natura
963 1492 1014 1524 in-

275 1541 436 1575 violabilis
462 1547 595 1576 naturae
613 1548 657 1576 est
676 1543 764 1575 unita
787 1544 944 1586 passibilig
971 1551 1016 1585 ut,

276 1597 361 1640 quod
374 1597 490 1629 nostris
504 1596 652 1630 remediis
669 1596 689 1612 ¹²
705 1598 915 1640 congruebat,
935 1608 1018 1631 unus
1035 1583 1037 1605 Ι

276 1655 371 1692 atque
400 1649 485 1683 idem
518 1650 675 1684 mediator
706 1650 760 1683 Dei
793 1655 823 1683 et
850 1651 1017 1684 hominum

276 1703 372 1735 homo
390 1702 478 1736 Iesus
500 1702 653 1744 Christus,
675 1709 705 1736 et
722 1704 802 1736 mori
822 1709 929 1747 posset
945 1704 966 1720 ¹³
983 1715 1018 1737 ex

278 1766 353 1795 uno,
373 1761 403 1789 et
421 1757 502 1789 mori
518 1766 583 1789 nou
601 1763 708 1800 posset
724 1767 760 1790 ex
779 1757 890 1791 altero.
919 1758 955 1790 In
973 1758 1020 1790 in-

277 1814 365 1851 tegra
383 1819 460 1852 ergo
485 1808 548 1842 veri
568 1809 711 1843 hominis
739 1810 940 1854 perfectaque
965 1823 1020 1844 na-

317 1909 326 1934 1
351 1919 362 1931 u
379 1907 449 1935 rtur.
472 1908 549 1935 codd.
581 1908 667 1935 omitt.
695 1916 805 1944 semper
833 1910 977 1944 sermnem
994 1922 1017 1939 υ.

281 1951 406 1978 Ballerin.
424 1951 441 1978 Ι.
460 1961 482 1978 c.

315 1996 331 2022 ‘2
351 2007 361 2020 α
383 1996 463 2023 Pauci
483 1997 591 2032 quidam
607 1997 684 2024 codd.
707 1998 832 2024 omittunt
847 1999 940 2033 partic.
959 2003 1019 2026 ctu.

281 2040 406 2068 Ballerin.
427 2042 447 2068 Ι.
469 2051 491 2068 c.
509 2042 576 2069 Sane
592 2046 685 2069 contra
701 2043 776 2078 Yulg.
795 2048 904 2071 textum.

314 2088 330 2113 3
351 2086 414 2113 Luc.
431 2093 449 2119 t,
467 2087 510 2113 35.

281 2177 323 2203 ila
339 2176 428 2202 nobis.

315 2221 331 2247 5
346 2221 387 2247 Ita
402 2220 458 2247 Vat.
484 2224 510 2247 et
528 2221 619 2247 Vallic.
638 2221 728 2254 rodd.;
752 2222 798 2248 sed
821 2222 938 2250 Cacciari
962 2231 1021 2250 cum

281 2264 345 2291 edit.
364 2267 451 2292 mola.
469 2265 562 2292 Melius
577 2265 682 2293 videtur
698 2275 723 2292 n.
742 2267 830 2294 lectio.

316 2309 332 2336 6
348 2310 429 2336 Prov.
448 2317 483 2343 tx,
506 2311 530 2336 1.

316 2354 515 2385 7Ioau.1,14.

316 2399 331 2425 8
351 2409 363 2422 «
383 2398 495 2430 Quidam
516 2399 595 2426 codd.
616 2400 738 2435 suscepit
756 2410 762 2433 ;
791 2400 825 2427 al.
849 2401 970 2436 sumpsit
995 2414 1020 2428 v».

282 2442 409 2470 Ballerin.
432 2444 482 2470 col.
500 2444 562 2471 812.

315 2487 332 2513 9
351 2499 362 2509 u
378 2488 514 2519 Quesnell.
536 2497 596 2515 cum
612 2488 676 2515 edit.
703 2493 729 2516 et
749 2489 859 2526 plerisq.
882 2500 945 2518 mss.
966 2492 1023 2526 spi-

280 2533 354 2560 ritus
375 2542 399 2560 ι.
418 2533 542 2560 Ballerin.
560 2537 586 2560 et
601 2534 718 2561 Cacriar.
737 2534 763 2561 ll.
782 2544 820 2562 ce.

317 2578 350 2604 10
370 2587 380 2602 ε
402 2577 456 2605 Vox
485 2579 661 2606 substantiae
677 2579 753 2607 abest
772 2588 787 2607 a
802 2581 872 2616 plur.
898 2580 975 2608 codd.
997 2592 1022 2608 ν.

281 2620 407 2648 Ballerin.
424 2621 442 2650 l.
458 2631 480 2650 c.

1717 203 1758 236 29

1046 266 1117 293 tura
1134 272 1226 293 verus
1243 267 1336 294 natus
1354 267 1400 295 est
1424 262 1518 302 Deus,
1545 266 1630 294 totus
1658 262 1690 294 in
1709 261 1786 301 suis,

1046 320 1133 347 totus
1151 314 1182 346 in
1203 315 1330 348 nostris.
1357 316 1471 348 Nostra
1499 321 1606 348 autem
1636 315 1786 355 dicimus,

1045 377 1127 410 quae
1145 367 1176 400 in
1194 368 1287 401 nobis
1311 367 1350 400 ab
1375 368 1466 401 initio
1485 368 1615 402 Creator
1632 367 1788 408 condidit,

1046 426 1075 453 ct
1090 431 1169 463 quae
1183 422 1363 464 reparanda
1377 422 1526 464 suscepit.
1544 422 1621 454 Nam
1636 421 1698 462 illa⁷
1710 432 1791 465 quae

1046 473 1197 518 deceptor
1221 474 1349 514 intulit,
1379 481 1410 508 et.
1438 475 1534 508 homo
1564 476 1716 518 deceptus
1737 475 1791 508 ad-

1047 527 1131 560 misit
1148 527 1179 567 ¹⁴‚
1210 528 1336 560 nullum
1361 527 1542 561 habuerunt
1569 528 1600 560 in
1630 528 1791 562 Salvatore

1046 580 1224 623 vestigium.
1245 581 1310 614 Nec
1335 581 1409 624 quia
1437 581 1699 615 communionem
1732 582 1791 614 hu-

1048 644 1216 667 manarum
1241 634 1340 667 subiit
1368 634 1613 674 infirmitatum,
1634 636 1706 668 ideo
1727 645 1787 667 no-

1047 693 1185 721 strorum
1202 688 1257 721 fuit
1274 688 1434 732 particeps
1444 687 1647 721 delictorum.
1663 688 1792 730 Assum-

1048 740 1109 784 psit
1122 740 1257 773 formam
1279 740 1358 774 servi
1377 741 1444 773 sine
1462 740 1557 773 sorde
1575 741 1710 783 peccati,
1726 741 1788 774 hu-

1048 804 1141 826 mana
1166 805 1298 837 angen&
1319 794 1425 827 divina
1452 804 1517 827 non
1537 794 1701 827 minuens:
1719 795 1792 838 quia

1048 847 1222 881 exinanitio
1239 847 1304 889 illa,
1326 859 1389 891 qua
1406 858 1438 880 se
1456 848 1625 881 invisibilis
1639 848 1794 881 visibilem

1048 900 1207 943 praebuit.
1228 907 1258 934 et
1276 901 1405 935 Creator
1422 912 1458 934 ac
1475 901 1631 934 Dominus
1649 901 1795 934 omnium

1049 964 1156 987 rerum
1174 965 1256 987 unus
1274 954 1375 989 voluit
1392 965 1461 988 esse
1485 955 1683 994 mortalium,
1705 955 1796 988 incli-

1049 1008 1135 1041 natio
1152 1008 1211 1041 fuit
1229 1008 1455 1045 miserationis,
1472 1019 1538 1042 non
1556 1008 1691 1042 defectio
1709 1015 1797 1052 pote-

1049 1061 1148 1095 statis.
1166 1062 1304 1095 Proinde
1329 1062 1384 1106 qui
1408 1072 1540 1095 manens
1566 1063 1596 1095 in
1622 1062 1723 1095 forma
1741 1063 1795 1095 Dei

1049 1114 1124 1149 fecit
1134 1115 1310 1155 hominem,
1326 1115 1409 1149 idem
1422 1116 1441 1131 ¹5
1451 1115 1484 1147 in
1493 1117 1594 1148 forma
1605 1115 1685 1148 servi
1695 1116 1797 1149 factus

1050 1174 1098 1202 est
1121 1169 1228 1202 homo.
1251 1169 1350 1203 Tenet
1369 1170 1453 1202 enim
1483 1169 1550 1202 sine
1568 1169 1692 1203 defectu
1722 1180 1795 1212 pro-

1052 1223 1215 1265 prietatem
1234 1234 1325 1256 suam
1340 1228 1477 1265 utraque
1495 1228 1608 1255 natura
1626 1234 1631 1255 :
1667 1228 1697 1256 et
1715 1223 1796 1256 sicut

1051 1277 1185 1309 formam
1202 1276 1280 1309 servi
1294 1276 1349 1309 Dei
1365 1276 1465 1309 forma
1486 1286 1550 1308 non
1572 1275 1681 1309 adimit
1702 1276 1733 1315 ¹⁶,
1754 1277 1797 1309 ita

1033 1343 1035 1352 ¹
1051 1330 1186 1362 sormam
1201 1330 1255 1362 Dei
1267 1329 1348 1362 servi
1366 1330 1539 1362 sormanon
1551 1329 1667 1362 minuit
1678 1329 1706 1361 ¹⁷.
1718 1329 1796 1361 Nam

1052 1383 1126 1426 quia
1150 1383 1350 1426 gloriabatur
1372 1382 1530 1424 diabolus,
1551 1383 1713 1416 hominem
1741 1394 1797 1416 sua

1052 1436 1163 1469 fraude
1182 1437 1352 1480 deceptum
1383 1435 1499 1469 divinis
1518 1436 1658 1469 caruisse
1688 1446 1798 1468 niune-

1053 1490 1152 1530 ribuS,
1169 1495 1200 1522 et
1213 1489 1461 1522 immortalitatis
1480 1490 1553 1521 dote
1570 1488 1726 1521 nudatum
1741 1489 1798 1521 du-

1054 1553 1122 1575 ram
1138 1542 1248 1575 mortis
1266 1542 1401 1575 subiisse
1430 1541 1633 1582 sententiam,
1650 1552 1748 1585 seque
1767 1542 1797 1574 in

1056 1595 1146 1628 malis
1168 1596 1232 1629 suis
1250 1596 1414 1638 quoddam
1432 1597 1470 1629 de
1496 1596 1764 1639 praevaricatoris
1779 1596 1799 1612 ¹⁵

1055 1649 1216 1683 consortio
1235 1648 1392 1683 invenisse
1411 1649 1574 1689 solatiunr,
1593 1650 1694 1683 Deum
1713 1661 1795 1693 quo-

1054 1714 1128 1747 que,
1149 1703 1286 1737 iustitiae
1305 1703 1449 1746 exigente
1476 1702 1616 1743 ratione,
1643 1713 1718 1746 erga
1745 1704 1801 1737 lio-

1054 1758 1184 1797 minem,
1204 1768 1299 1801 quem
1317 1757 1350 1790 in
1368 1762 1456 1790 tanto
1471 1757 1593 1790 honore
1611 1758 1632 1773 ¹⁹
1649 1757 1801 1791 condide-

1056 1816 1115 1852 rat,
1136 1810 1299 1854 propriam
1317 1816 1455 1844 mutasse
1474 1810 1664 1844 sententiam
1681 1822 1687 1843 z
1720 1821 1801 1854 opus

1057 1944 1073 1970 B
1093 1909 1120 1971 ³¹1
1137 1919 1148 1932 «
1165 1908 1220 1935 Duo
1235 1908 1313 1936 codd.
1330 1909 1429 1935 Veron.
1443 1916 1500 1935 una
1509 1910 1758 1943 coeuntepersona
1775 1919 1800 1935 u.

1077 1953 1091 1971 a
1114 1944 1182 1971 erin.
1205 1945 1221 1971 l.
1240 1953 1262 1971 c.

1095 1989 1124 2015 1⁴2
1147 1998 1158 2014 <s
1177 1989 1302 2016 Nonnull.
1323 1988 1382 2015 cod.
1410 1989 1517 2016 «lirinis
1544 1989 1674 2016 remediis
1696 2000 1721 2015 ι).
1745 1989 1803 2016 Rat-

1057 2025 1135 2051 lerin.
1153 2026 1204 2051 col.
1226 2025 1287 2051 Sit.

1094 2070 1125 2096 1:⁷3
1144 2080 1154 2095 e
1173 2070 1292 2100 Ouatnor
1314 2073 1410 2096 vetust.
1437 2069 1515 2095 codd.
1541 2069 1583 2095 liic
1604 2073 1630 2095 et
1645 2070 1723 2104 paulo
1745 2073 1804 2105 post

315 2131 330 2157 4
351 2130 459 2158 caedar
501 2140 551 2167 {mg
588 2132 635 2158 ΗΟ
659 2140 719 2159 cum
744 2133 798 2160 edit
833 2137 859 2159 et
880 2120 934 2160 ¹3¹8<
964 2133 1010 2160 vn
1038 2107 1142 2156 pposst'l
1160 2116 1183 2132 1).
1206 2105 1331 2132 Balleriu.
1353 2106 1369 2131 l.
1393 2114 1416 2131 c.
1436 2105 1543 2132 lter-tius
1560 2114 1584 2131 11.
1602 2105 1690 2132 lectio.

1094 2152 1125 2178 tt
1145 2151 1295 2186 «Quinque
1317 2154 1368 2178 vet.
1395 2150 1473 2178 codd.
1496 2159 1637 2186 perperam
1661 2151 1760 2178 amisit
1776 2162 1800 2177 ι».

1058 2187 1182 2214 Ballerin.
1202 2187 1218 2213 l.
1237 2196 1260 2213 c.

1057 2267 1063 2294 ι
1094 2233 1125 2272 15
1145 2242 1159 2293 «¹
1176 2232 1196 2258 A
1218 2231 1338 2259 nonnull.
1358 2231 1435 2258 codd.
1459 2231 1594 2257 ahestvox
1612 2231 1687 2258 idem
1704 2242 1730 2258 ».
1744 2231 1803 2258 Bat-

1067 2276 1134 2295 erm.
1165 2276 1211 2294 .c.

1093 2312 1125 2338 16
1145 2312 1230 2338 «Duo
1246 2311 1325 2339 codd.
1343 2312 1448 2338 ademit
1472 2321 1494 2337 ιο.
1517 2311 1635 2338 (lari-iar.
1662 2320 1722 2347 pag.
1745 2311 1802 2337 1⁹20.

1093 2357 1124 2383 17
1149 2369 1160 2381 -1
1176 2356 1288 2388 Quidam
1310 2356 1389 2383 codd.
1415 2360 1439 2383 el
1459 2357 1533 2384 sicut
1548 2359 1641 2391 (tn-ma
1662 2357 1738 2383 servi.
1755 2356 1804 2383 Det

1056 2394 1179 2426 formam
1200 2401 1257 2419 non
1273 2393 1392 2425 arlimil,
1410 2393 1452 2419 im
1471 2394 1568 2426 forma
1585 2393 1639 2419 Dcz'
1653 2393 1728 2420 scri-i
1743 2393 1803 2426 sor-

1056 2436 1131 2455 mam
1149 2437 1206 2454 non
1223 2429 1332 2455 minuit
1348 2439 1373 2455 ›».
1392 2428 1517 2455 ltalterin.
1535 2428 1585 2454 col.
1602 2429 1664 2454 81⁴5.

1094 2473 1126 2499 18
1143 2473 1263 2499 (lacciar.
1282 2473 1298 2499 l.
1317 2481 1340 2499 c.
1366 2481 1426 2499 cum
1450 2473 1519 2507 plur.
1541 2472 1620 2499 codd.
1649 2473 1801 2506 praevaris-

1058 2509 1187 2571 fctltionis.
1215 2508 1243 2535 V.
1271 2512 1297 2535 et
1323 2508 1447 2535 Ballerin.
1475 2509 1492 2534 l.
1515 2517 1538 2534 c.
1563 2508 1640 2535 Forte
1657 2508 1752 2535 melius
1776 2516 1801 2534 11.

1069 2552 1098 2571 ec
1114 2552 1148 2571 ιο,

1060 2625 1066 2651 ¹
1093 2589 1127 2629 19
1147 2600 1163 2651 «¹
1174 2588 1271 2616 Veron.
1302 2589 1337 2617 58
1353 2589 1384 2617 in
1404 2592 1517 2617 lantum
1539 2589 1677 2616 honorem
1694 2597 1718 2614 1>.
1742 2587 1802 2614 Bal-

1070 2633 1139 2652 erm.
1170 2633 1216 2652 .c.

1822 213 1869 239 An.
1891 212 1920 241 C.
1937 212 1988 239 449

1842 592 1937 612 Christus
1952 592 1990 612 hu·

1806 625 1879 638 manas
1903 619 1992 638 intlrmi-

1807 648 1897 669 tati·=‚at
1909 646 1991 671 peccati

1808 675 1918 695 uestigium
1951 678 1991 692 non

1807 699 1877 719 subiit.

1844 1232 1869 1252 [t
1886 1231 1940 1252 servi
1957 1231 1998 1252 sor-

1813 1265 1866 1279 mam
1878 1259 1914 1278 Dei
1932 1259 1997 1278 forma

1813 1292 1852 1305 nnn
1868 1285 1953 1307 adimit.
1968 1289 1997 1306 ita

1813 1312 1850 1332 Dei
1861 1312 1946 1332 [orniam
1955 1318 1998 1332 scr-

1813 1339 1831 1358 vi
1840 1339 1904 1359 forma
1911 1345 1951 1359 uon
1960 1339 1996 1359 mi-

1813 1368 1864 1385 unit.
