2244 3183
254 202 306 229 An.
323 201 350 228 C.
369 203 418 229 454

272 904 441 924 tumtun-tumtun·-

258 934 326 953 tatur.
346 934 367 951 nt
388 936 441 950 com-

258 958 399 983 ‘institit-iales

258 986 356 1010 piscopos
368 991 387 1004 ιιι
397 984 442 1004 ossi-

258 1018 290 1031 cio
301 1011 416 1032 continent.

300 1600 447 1626 Metropolitae

263 1628 379 1648 auctoritas
401 1627 437 1646 it:

264 1660 304 1680 que
320 1660 386 1674 causa
407 1660 448 1673 non

265 1680 414 1702 imminuenda.

484 193 546 226 1:32

454 249 617 284 veterum¹
646 250 887 294 privilegiorum
921 250 1000 290 iure,
1037 249 1193 283 sollicitus

454 304 589 345 obviavi,
613 309 644 337 ct
665 303 920 347 metropolitanis
937 303 1087 337 omnihus
1109 303 1195 336 illae-

454 369 519 390 λκ’ῑιιιι
548 368 677 391 manere
696 357 781 390 volui
807 357 1008 400 dignitatem,
1032 357 1111 390 sicut
1136 355 1195 390 ex²

455 410 661 454 epistolarum
689 421 846 452 mearum,
871 421 949 454 quas
980 410 1017 443 ad
1051 416 1193 443 sanctam

454 464 624 508 synodum,
653 464 699 497 vel
721 464 759 497 ad
782 464 1084 498 christianissimum
1105 463 1195 496 I'rin—

454 518 569 562 cipem,
585 518 648 550 sive
664 518 702 550 ad
724 518 1109 562 Constantinopolitanum
1131 517 1196 560 epi-

454 581 587 614 scopum
611 570 692 611 misi,
715 576 825 604 tenore
847 581 1039 614 cognosces;
1064 570 1195 603 manife-

454 630 565 667 steque
590 623 765 668 perspicies
786 624 846 657 hoe
867 624 1005 668 speciale
1021 634 1087 657 esse
1109 623 1195 656 solli-

455 677 606 710 citudinis
628 688 729 718 meae,
753 684 787 711 ut
818 688 923 722 neque
943 688 961 711 a
990 677 1064 710 fidei
1086 677 1196 719 regula

456 730 487 763 in
508 730 679 764 Ecclesiis³³
698 730 824 764 [lentini
858 731 1013 771 devietur,
1038 741 1142 773 neque
1164 729 1194 762 in

456 783 629 828 privilegiis
643 784 765 827 aliquid
784 784 972 828 cuiusquam
991 783 1195 827 improbitate

458 837 630 870 minuatur.
652 837 739 876 Quae
760 849 832 871 cum
859 837 901 871 ita
918 837 991 877 sint,
1016 841 1123 870 teneat
1136 836 1197 868 sra-

459 891 588 923 ternitas
614 896 668 924 tua
693 902 825 925 suorum
847 891 1114 925 consuetudinem
1136 890 1194 923 de-

422 964 441 976 p.
458 955 633 985 cessorum,
657 950 688 978 et
708 945 994 989 comprovinciales
1018 955 1092 977 suos
1124 943 1194 987 epi-

458 1008 583 1041 scopos,
601 998 655 1042 qui
673 998 906 1032 Alexandrinae
921 998 988 1032 scdi
1005 998 1052 1031 ρκ’·
1066 997 1197 1040 antiqua

458 1051 684 1085 constitutione
704 1052 840 1086 subiecti
861 1057 945 1092 sunt,
974 1062 1117 1093 congrua
1138 1050 1196 1083 sihi

458 1105 647 1139 auctoritate
668 1106 847 1146 contineat,
872 1111 906 1138 ut
927 1105 1007 1137 mori
1043 1104 1195 1137 ecclesia-

458 1158 537 1191 stico
556 1169 620 1191 non
639 1160 812 1199 resultent,
834 1159 888 1192 sed
907 1159 955 1192 vel
975 1158 1099 1191 statutis
1119 1164 1199 1191 tem-

458 1212 603 1255 poribus,
627 1213 675 1245 vel
704 1223 777 1245 cum
807 1213 888 1246 ratio
920 1222 1034 1245 causae
1065 1211 1199 1245 alicuius

459 1266 610 1307 exegerit,
627 1266 665 1299 ad
685 1267 875 1299 charitatem
897 1271 984 1299 tuam
1005 1266 1177 1298 convenire
1190 1265 1200 1281 ⁵

459 1329 523 1352 non
538 1319 701 1352 differant:
726 1325 756 1352 et
776 1319 801 1352 si
819 1319 908 1363 quid,
932 1319 1019 1363 quod
1040 1318 1199 1352 Ecclesiae

459 1372 499 1405 sit
522 1372 714 1406 utilitatibus
732 1373 950 1416 profuturum,
978 1382 1014 1405 ex
1035 1371 1199 1404 coimnuni

461 1426 632 1459 collatione
668 1426 869 1459 tractandum
909 1430 966 1466 est,
1001 1425 1134 1458 collecta
1170 1424 1200 1457 in

460 1489 561 1512 unum
580 1479 777 1513 fraternitate
797 1479 996 1512 unanimiter
1019 1479 1198 1512 ordinetur.

461 1533 530 1567 Non
553 1533 637 1566 enim
664 1533 728 1566 ulla
753 1543 863 1566 caussa
888 1538 934 1566 est
958 1543 1040 1576 quae
1065 1532 1135 1565 illos
1163 1532 1202 1564 al)

462 1586 521 1619 hac
534 1586 717 1619 ohedientia
732 1586 845 1619 debeat
863 1596 1026 1626 revocare,
1042 1596 1114 1619 cum
1133 1585 1204 1618 talis

464 1640 556 1672 nobis
570 1645 596 1673 et
612 1639 674 1673 fide
692 1645 721 1672 et
735 1639 880 1672 moribus
893 1639 1071 1672 innotuerit
1085 1640 1201 1672 frater-

463 1693 545 1726 nitas
557 1699 621 1733 tua,
638 1698 672 1726 ut
683 1693 739 1726 tihi
752 1693 790 1726 (le
804 1693 993 1726 auctoritate
1010 1694 1205 1736 praeceden-

463 1748 541 1780 tium
568 1748 772 1781 decessorum
796 1753 923 1780 tuorum
944 1747 1023 1779 nihil
1044 1747 1206 1790 patiamur

464 1800 628 1841 imminui,
653 1806 707 1833 aut
727 1806 756 1834 te
775 1800 907 1843 impune
925 1799 1098 1833 contemni.

506 1854 575 1887 Dat.
603 1859 691 1887 sexto
710 1853 780 1886 idus
800 1852 912 1891 Martii,
936 1852 1026 1885 Aetio
1047 1858 1075 1885 et
1092 1852 1204 1885 Studio

464 1907 540 1940 viris
560 1906 744 1940 clarissimis
769 1905 967 1940 consulibus.

499 1970 560 1997 Dat.
582 1969 625 1997 die
643 1969 675 1997 10
693 1968 789 2003 Martii,
806 1977 849 1996 an.
866 1969 929 1996 454.

500 2071 512 2096 1
538 2079 550 2093 «
570 2068 608 2095 Ita
623 2067 683 2095 cod.
700 2067 814 2103 Ratisp.;
830 2067 931 2098 Quesn.
952 2074 1085 2095 verorum
1101 2076 1126 2092 ».
1144 2066 1205 2093 nat-

464 2109 542 2137 lerin.
559 2109 577 2136 l.
594 2117 617 2136 c.
631 2108 713 2135 Recte
728 2107 838 2144 quidem
854 2115 882 2134 n.
898 2107 990 2134 lectio.

499 2154 516 2180 2
539 2165 550 2177 «
564 2154 712 2188 Perperam
728 2155 812 2178 marte
827 2159 875 2178 suo
890 2150 1049 2182 Quesnellus
1064 2151 1159 2186 partic.
1172 2158 1206 2178 em

464 2194 577 2221 mutavit
594 2193 621 2219 in
630 2195 655 2219 et
665 2203 691 2219 ».
703 2192 892 2228 Caeciar.pag.
905 2191 958 2219 285
969 2195 996 2218 et
1006 2191 1106 2218 Baller.
1119 2191 1136 2218 l.
1151 2199 1174 2218 c.

501 2239 516 2265 3
535 2249 548 2263 «
563 2237 627 2265 Cod.
644 2237 727 2264 Grim.
748 2236 781 2263 in
802 2236 942 2263 Ecclesias
960 2246 983 2262 n.
1001 2235 1119 2262 Caeciar.
1141 2235 1159 2262 l.
1181 2243 1205 2262 c.

466 2279 545 2306 Forte
561 2278 657 2305 mendo
672 2275 877 2312 typographico.

501 2324 517 2349 4
535 2334 546 2347 ι(
563 2322 658 2350 Partic.
674 2330 708 2349 ex
723 2321 822 2348 omissa
837 2321 864 2347 in
880 2320 941 2348 cod.
971 2320 1053 2347 Grim.
1084 2319 1206 2347 restitui-

466 2367 509 2390 tur
528 2371 561 2390 ex
580 2362 638 2390 cod.
652 2362 757 2397 Ratisp.
773 2372 800 2388 n.
815 2360 940 2388 Ballerin.
963 2361 980 2387 l.
999 2369 1022 2387 c.

501 2409 517 2435 5
537 2418 549 2431 «
565 2406 626 2434 Cod.
642 2406 725 2433 Grim.
742 2405 840 2432 venire
855 2415 881 2432 ».
899 2405 1023 2432 ssallerin⁴
1045 2404 1063 2431 l.
1080 2413 1103 2432 c.

502 2452 518 2478 6
532 2451 570 2478 Ex
586 2451 650 2478 edit.
672 2450 800 2478 Ballerin.
822 2449 892 2486 opp.
914 2450 944 2477 S.
962 2449 1066 2477 Leonis
1092 2453 1156 2476 tom.
1180 2454 1205 2482 1,

467 2492 519 2520 col.
539 2491 617 2519 1256.

502 2537 516 2564 7
535 2547 547 2562 ι
562 2535 628 2563 lllale
643 2539 695 2563 vet.
710 2535 774 2562 edit.
784 2535 973 2564 Nestor-ianus
992 2544 1015 2561 ι).
1033 2533 1156 2561 Baller.l.
1170 2541 1204 2567 c.,

467 2580 494 2605 et
508 2576 625 2604 Caeciar.
648 2576 719 2610 Opp.
739 2576 770 2603 S.
787 2576 886 2603 Leonis
900 2578 968 2611 part.
988 2581 1016 2608 u,
1031 2582 1092 2610 pag.
1109 2573 1170 2601 391.

502 2621 519 2649 8
536 2631 549 2648 α
564 2619 629 2648 Cod.
641 2619 742 2655 Ratisp.
760 2620 902 2655 praebere
920 2617 945 2646 »ζ
966 2619 1092 2646 Ballerin.
1109 2617 1128 2644 l.
1149 2626 1173 2644 c.

970 202 1130 226 Arrssxmx
1150 200 1298 225 BIJLLARII
1319 198 1441 224 notitam

2001 190 2051 218 Αιι.
2067 189 2096 217 C.

1385 245 1568 280 EPISTOLA
1592 243 1769 277 LXXXVIII
1782 242 1804 275 ⁵.

1229 352 1397 385 illari-iano
1416 349 1591 382 rescribens
1616 346 1760 381 Proterii
1769 345 1865 388 fidem
1878 354 1967 377 sum-

1275 422 1325 442 ma
1366 409 1461 442 [mota
1497 406 1716 451 prosequitur,
1750 404 1867 448 quidve
1896 403 1971 436 huic

1274 467 1475 512 rescripserit
1499 466 1641 498 innuens
1661 465 1886 507 imperatorem
1913 472 1968 494 ro-

1273 530 1340 568 nal,
1360 529 1393 557 nl
1410 535 1504 557 snum
1524 523 1566 556 acl
1583 522 1787 556 Flam'amcm
1800 519 1971 564 epistolam
1995 540 2000 548 .

1273 583 1310 615 ιώ
1320 582 1489 616 haereticis
1500 584 1687 624 corruptam
1698 580 1731 612 in
1745 588 1897 622 sn'aecum.
1908 586 1972 609 ser-

1275 652 1401 674 neonem
1413 643 1562 673 arjcnralc
1585 637 1840 681 trcmsferemlam
1870 639 1968 668 curet.

1315 751 1373 778 Leo
1395 750 1552 784 episcopus
1573 749 1723 777 Marciano
1744 748 1886 783 Augusto.

2008 834 2110 856 Marciani
2119 840 2172 861 pura

1274 837 1575 872 C.xp.1.1³uri1ate1n
1591 836 1665 870 fidei
1684 835 1891 876 christianae,
1908 843 1972 878 qua
1988 862 2046 883 fides.

1232 892 1403 925 clementia
1433 896 1536 925 vestra
1561 890 1763 934 praefulget,
1796 889 1892 922 etiam
1923 887 1973 920 his

1232 945 1354 986 litteris,
1379 955 1457 989 quas
1487 945 1584 978 frater
1605 949 1635 978 et
1653 943 1863 988 coepiscopus
1883 952 1973 976 meus

1232 998 1416 1031 Nestorius7
1442 999 1566 1039 detulit,
1597 996 1836 1037 demonstratis,
1861 996 1971 1029 iustis-

1232 1052 1348 1084 simum
1372 1051 1460 1084 fratri
1483 1062 1554 1085 meo
1575 1051 1720 1085 Proterio
1741 1049 1975 1084 Alexandrinae

1233 1104 1321 1137 urhis
1341 1105 1480 1138 Antistiti
1498 1105 1721 1149 impendentes
1738 1104 1889 1143 savorem,
1911 1113 1975 1146 quo

1234 1157 1311 1191 mihi
1332 1168 1389 1201 per
1409 1159 1517 1191 omnia
1531 1163 1613 1191 esset
1630 1157 1801 1201 acceptior.
1825 1157 1903 1190 Nam
1925 1155 1975 1188 cui

1234 1217 1337 1245 vestra
1361 1211 1461 1255 pietas
1482 1211 1699 1245 testimonium
1722 1209 1914 1254 perhibere⁸
1927 1209 1975 1242 di-
1991 1203 2190 1254 ,fflssfi'ffi'ffl‘fm'

1234 1270 1365 1307 gnatur,
1395 1265 1617 1298 indubitanter
1642 1270 1724 1297 esset
1753 1262 1972 1307 prol)andus⁹,

1235 1319 1359 1352 etiamsi
1379 1324 1507 1352 taceret.
1532 1319 1593 1352 Sed
1612 1317 1735 1351 accedit
1760 1317 1799 1350 ad
1824 1316 1973 1360 gratiam,

1235 1373 1321 1415 quod
1346 1372 1480 1416 proprio
1507 1382 1636 1416 quoque
1666 1381 1815 1405 sermone
1851 1380 1974 1413 cogno—

1236 1426 1335 1458 scitur
1348 1424 1380 1466 ¹⁰,
1405 1431 1436 1459 et
1465 1436 1562 1469 quam
1583 1425 1727 1458 sincerus
1758 1424 1798 1457 sit
1828 1423 1975 1457 catholici

1237 1479 1395 1521 dogmatis
1417 1479 1632 1522 praedicator,
1660 1477 1759 1522 ipsius
1778 1476 1978 1521 professione

1238 1533 1386 1566 clarescit
1400 1530 1429 1565 ¹¹.
1453 1533 1544 1565 Unde
1556 1531 1744 1576 plenissimo
1762 1530 1878 1563 affectu
1891 1530 1976 1563 dile-

1238 1586 1377 1620 ctionem
1403 1586 1573 1620 orthodoxi
1598 1585 1704 1618 fratris
1724 1585 1919 1628 amplector,
1948 1589 1978 1617 et
1993 1577 2178 1630 „,l}2³{},‘2„¹:12³⁰2}¹{3

1238 1640 1302 1673 Deo
1325 1640 1442 1682 gratias
1469 1650 1540 1681 ago,
1569 1639 1656 1683 quod
1677 1643 1785 1672 amoto
1799 1636 1820 1654 ¹²
1846 1647 1894 1679 ee,
1923 1637 1978 1681 qui
1993 1631 2121 1652 ¹¹²*‘⁰'⁶¹¹¹¹³⁴

1239 1693 1410 1736 Evangelio
1430 1693 1543 1727 Christi
1577 1693 1675 1725 voluit,
1707 1691 1887 1732 contraire,
1911 1696 1942 1724 et
1962 1702 1979 1724 a

1239 1752 1424 1779 sanctorum
1447 1747 1578 1779 Patrum
1607 1745 1820 1788 intelligentia
1841 1744 1977 1778 disside-

1241 1811 1274 1833 re
1286 1798 1316 1840 ¹³,
1329 1801 1421 1833 talem
1432 1798 1862 1843 ¹⁴prospexitAlexandrinae
1874 1798 1980 1831 Eccle-

1239 1853 1303 1887 siae
1324 1854 1537 1893 sacerdotem,
1568 1853 1623 1896 qui
1643 1852 1914 1896 praecedentibus
1932 1862 1981 1885 re-

1240 1908 1381 1941 ctoribus
1399 1913 1429 1940 et
1446 1907 1510 1939 side
1531 1906 1744 1940 concordaret
1757 1911 1788 1938 et
1807 1905 1881 1938 vita.
1898 1905 1978 1938 Nam

1240 1971 1311 1994 cum
1324 1960 1473 2004 amplecti
1487 1970 1520 1993 se
1532 1958 1550 1976 ¹5
1567 1959 1737 2003 epistolam
1753 1969 1870 2000 meam,
1883 1968 1979 2002 quam

1274 2067 1291 2094 9
1315 2078 1326 2093 «
1346 2067 1387 2094 At.
1405 2067 1545 2102 probatus
1557 2076 1581 2094 ι).
1594 2065 1758 2094 Ballerin.et
1771 2064 1889 2094 Cacciar.
1905 2063 1981 2091 ll.cc.

1241 2112 1347 2140 Rectius
1362 2112 1394 2139 ad
1411 2120 1518 2139 sensum
1535 2120 1561 2138 n.
1579 2112 1669 2139 lectio.

1257 2156 1337 2223 ¹10¹?
1352 2155 1392 2182 ΑΙ.
1406 2155 1483 2183 codd.
1500 2159 1685 2191 cognoscatur
1697 2165 1720 2183 ι).
1737 2155 1862 2183 Balterin.
1878 2157 1905 2182 et
1919 2154 1985 2182 Cac-

1241 2205 1305 2224 elar.
1338 2218 1343 2223 .
1358 2205 1397 2223 CC.

1258 2282 1262 2286 Ι
1276 2243 1304 2268 11
1323 2253 1341 2309 fi
1354 2241 1438 2268 Iidem
1455 2241 1533 2268 codd.
1546 2241 1682 2269 clarescat
1699 2250 1723 2267 ι.
1735 2240 1865 2268 Ballerin.
1878 2242 1905 2267 et
1920 2238 1984 2266 Cac-

1241 2290 1306 2309 ciar.
1345 2303 1351 2308 .
1369 2290 1408 2308 cc.

1277 2326 1308 2353 '1⁹2
1333 2337 1344 2350 α
1361 2325 1425 2353 Cod.
1442 2326 1524 2352 Grim.
1537 2325 1675 2353 damnato
1689 2335 1713 2352 )).
1727 2324 1851 2352 Ballerin.
1862 2324 1880 2351 l.
1892 2332 1915 2351 c.
1929 2323 1984 2351 Me-

1240 2366 1406 2402 liusquidem
1427 2366 1460 2392 ad
1478 2374 1535 2393 rem
1551 2374 1577 2393 n.
1598 2365 1688 2393 lectio.
1708 2365 1768 2393 Vid.
1785 2373 1828 2401 ep.
1845 2371 1876 2392 xc
1890 2373 1949 2400 cap.
1966 2370 1984 2391 11

1242 2415 1300 2443 pag.
1319 2407 1379 2441 135,
1393 2407 1444 2433 col.
1459 2406 1486 2433 2.

1278 2448 1308 2473 13
1331 2455 1342 2472 ιι
1364 2446 1403 2472 At.
1421 2446 1573 2474 dissentire
1587 2455 1610 2472 l}-
1629 2444 1754 2472 Ballerin.
1777 2444 1795 2471 l.
1817 2453 1840 2470 c.

1277 2491 1309 2518 14
1326 2500 1338 2516 <z
1356 2490 1412 2517 Duo
1434 2490 1510 2517 codd.
1530 2490 1600 2516 Vatt.
1621 2490 1746 2517 alterum
1768 2499 1791 2515 ».
1813 2488 1937 2515 Ballerin.
1957 2491 1984 2514 et

1240 2531 1357 2558 Cacciar.
1379 2531 1406 2557 ll.
1429 2539 1470 2557 cc.

1276 2576 1308 2603 15
1325 2585 1335 2600 ι
1352 2575 1417 2602 Tres
1432 2575 1511 2602 codd.
1533 2575 1605 2602 Vatt.
1621 2573 1772 2608 amplexus
1787 2575 1890 2601 esset».
1921 2572 1984 2599 Bal-

1239 2615 1315 2643 lerin.
1332 2619 1358 2643 et
1373 2615 1491 2643 Caeciar.
1517 2615 1542 2641 ΙΙ.
1560 2623 1599 2641 cc.
