2244 3183
231 214 280 240 An.
303 213 330 241 c.
347 213 399 240 493
462 203 525 236 ⁶272

964 212 1124 236 APPENDIX
1144 211 1292 236 BULLARU
1313 210 1432 235 nomm

1979 209 2027 236 An.
2050 209 2078 236 C.
2095 210 2146 238 493

429 262 572 296 bendum
604 261 702 294 tueris
731 265 912 300 contentus,
947 260 1003 293 sed
1029 259 1143 293 affatus
1164 258 1171 275 ¹
1207 258 1303 299 bona,
1331 259 1417 292 dona
1441 263 1516 291 sunt
1531 258 1606 298 Dei;
1626 268 1760 301 sequere
1781 267 1857 301 ergo
1877 257 1952 291 hor-

431 315 553 348 audire.
571 314 687 356 Legisti
701 313 893 346 sententiam
907 313 932 345 ²:
952 312 1048 345 Fides
1065 322 1103 345 esc
1116 323 1174 345 au-
1209 318 1350 346 tamenta
1368 322 1433 346 non
1451 311 1624 354 indigentis
1645 312 1766 352 doceri,
1790 317 1821 345 et
1839 322 1953 345 secun-

431 370 514 407 diem
545 368 680 401 auditus
708 372 818 401 autem
836 378 895 411 per
919 367 1051 399 verbum
1072 367 1173 405 Dei³;
1209 367 1285 400 dum
1320 376 1493 410 supernam
1531 365 1776 409 dispositionem
1804 365 1953 399 universa

432 422 511 454 illud
538 421 661 454 scilicet
685 421 836 459 verbum,
868 420 955 464 quod
981 419 1175 452 confessioni
1209 417 1642 465 cunctaqueinspicientis¹³‚
1654 429 1737 462 quae
1752 419 1953 452 adecclesia-

432 474 515 508 beati
536 475 672 518 apostoli
700 475 785 507 Petri
806 480 915 518 portas
941 473 1057 506 inferni
1087 483 1172 505 nun-

431 538 528 572 quam
556 527 789 572 praevalituras
817 537 884 560 esse
913 526 1091 570 proinisit⁴.
1117 527 1173 559 At-

432 592 495 625 que
516 581 589 615 ideo
617 580 850 614 rationabiliter
875 579 1073 620 existimasti,
1102 579 1177 623 quia

433 635 537 668 fidelis
564 636 647 668 Deus
673 634 704 667 in
734 634 840 667 verbis
864 634 940 673 suis,
964 632 1092 666 nonnisi
1114 632 1174 665 ali--

433 689 511 733 quid
526 689 588 722 tale
602 688 802 732 promisisset
823 687 989 720 instituere
1006 687 1027 725 ⁵,
1048 697 1155 719 veram
1169 685 1179 701 ⁰

433 742 617 786 sponsionis
645 752 721 775 suae
741 741 992 785 promissionem
1014 740 1174 783 impleret.

254 805 419 843 §uniisse-»lev
436 796 486 829 Ait
500 795 640 839 denique
655 800 708 828 tua
722 794 865 833 dilectio,
886 803 945 826 nos
965 792 1092 825 divinae
1104 803 1180 836 pro·

236 832 419 879 i'ssioss‘ziniii'i'nm
436 849 595 882 videmiae
608 848 740 890 gratim,
758 848 846 891 quod
864 847 917 880 ille
939 846 1176 885 monstraverit,

434 908 618 935 sanctarum
652 901 864 934 Ecclesiarum
894 900 904 914 '³
934 910 999 932 non
1031 900 1180 932 deserere

436 954 644 993 charitatem,
678 953 753 998 quia
779 964 830 986 me
852 953 884 985 in
905 952 1083 996 pontificali
1105 952 1181 985 sede

436 1009 590 1042 locaverit
608 1018 672 1041 non
691 1008 903 1047 indigentem,
927 1007 1010 1039 sicut.
1030 1007 1071 1039 ait
1086 1007 1107 1046 ⁰,
1126 1007 1181 1039 do-

437 1063 519 1102 eeri;
548 1062 604 1095 sed
630 1062 849 1095 intendentem
872 1061 982 1094 omnia
1002 1060 1182 1093 necessaria

438 1116 478 1148 ad
509 1115 717 1149 ecclesiastici
745 1114 892 1158 corporis
920 1114 1088 1147 unitatem.
1118 1114 1182 1155 Ego

440 1168 571 1213 quidem
598 1179 667 1201 sum
699 1168 844 1200 omnium
878 1167 1047 1200 hominum
1082 1167 1179 1200 mini-

441 1233 522 1263 mus,
546 1222 622 1255 satis
643 1222 824 1254 immeritus
844 1222 883 1254 ad
899 1227 1005 1254 tantae
1026 1221 1111 1254 sedis
1129 1221 1180 1254 os-

441 1276 562 1316 ticium,
583 1275 642 1309 nisi
664 1276 751 1318 quod
772 1285 913 1318 superna
933 1274 1037 1317 gratia
1055 1285 1184 1318 semper

440 1335 597 1373 operatur
629 1339 743 1371 magna
770 1328 808 1361 de
841 1327 958 1371 parvis.
991 1327 1072 1366 Ouid
1098 1327 1182 1360 enim

240 1390 423 1442 guffpzreaq'affi
438 1382 478 1415 de
499 1393 549 1415 me
563 1382 698 1415 sentiam
717 1392 789 1414 cum
812 1381 872 1413 boc
894 1381 961 1424 ipsc
975 1379 996 1396 ¹⁰
1011 1381 1049 1413 de
1070 1391 1103 1414 se
1118 1391 1184 1413 ma-

242 1443 328 1463 νεῖον.
439 1435 539 1477 gislei·
563 1435 707 1478 gentium
738 1440 881 1471 testetur,
905 1434 959 1478 qui
980 1444 1013 1467 se.
1033 1434 1184 1467 ultimum

440 1495 470 1522 et
490 1499 554 1523 non
576 1489 709 1532 dignum
731 1488 837 1522 vocari
865 1489 1046 1532 apostolum
1064 1487 1081 1504 '¹
1103 1499 1181 1532 pro-

441 1542 550 1576 fitetur
565 1542 605 1576 ¹²⁶?
630 1542 872 1583 Verumtamen,
893 1549 925 1576 ut
945 1543 984 1576 ad
1005 1543 1186 1576 dilectionis

441 1602 513 1629 tuae
533 1596 630 1629 verba
651 1596 841 1636 redeamus,
869 1596 893 1628 si
916 1595 1074 1629 veraciter
1094 1606 1183 1629 asse-

419 1655 532 1683 ·cutus
560 1660 592 1682 es
617 1649 696 1682 haec
723 1649 875 1682 divinitus
897 1648 975 1681 mihi
996 1648 1092 1681 fnisse
1114 1649 1183 1681 col—

442 1702 519 1741 lata,
548 1713 630 1746 quae
657 1708 685 1735 et
709 1702 853 1746 profecto
871 1712 1095 1745 quaecumque
1113 1707 1184 1734 sunt

480 1819 488 1844 1
513 1818 574 1845 Mss.
592 1818 669 1845 Corb.
686 1822 713 1846 et
727 1819 761 1845 al·
786 1821 845 1854 post
861 1818 927 1845 illud
943 1818 991 1845 secl
1016 1819 1118 1853 affectu
1138 1827 1188 1844 ait-

442 1863 520 1896 Δίνην,
531 1862 607 1898 quib.
620 1871 644 1889 n.
659 1862 719 1890 cod.
733 1863 801 1890 ’1340
812 1862 950 1890 adhaeret.
963 1862 1024 1889 Mss.
1040 1862 1186 1897 llemigian.

443 1907 508 1942 legit
522 1907 570 1935 sed
590 1907 704 1935 audire.
725 1907 802 1934 Cont.
819 1907 910 1935 const.
935 1907 1055 1942 praefert
1066 1915 1126 1933 cum
1142 1906 1188 1933 Ba-

444 1959 503 1979 ron.
520 1955 640 1979 nostram
656 1951 720 1978 edit.
742 1951 781 1978 An
796 1951 896 1978 rectius
916 1951 1031 1987 quisque
1042 1951 1152 1978 iudicet.

479 1996 495 2023 2
519 2007 530 2021 α
545 1996 615 2032 Lege
636 1997 802 2024 sententiam
820 2008 845 2023 u.
862 1996 958 2024 Baron.

482 2041 498 2068 3
514 2041 590 2068 Rom.
606 2050 632 2076 x,
652 2042 692 2069 17.

483 2087 498 2114 Ιι
514 2085 608 2114 Matth.
624 2092 676 2118 xvi,
694 2087 736 2113 18.

481 2131 498 2158 5
515 2142 526 2155 a
546 2130 588 2158 Sic
608 2130 713 2158 Merlin.
730 2135 756 2157 et
773 2139 834 2158 mss.
853 2130 956 2166 Remig.
977 2131 1027 2158 Alii
1043 2139 1106 2158 vero
1122 2138 1189 2158 non⁴

447 2176 505 2203 nisi
518 2176 593 2210 quod
605 2176 660 2202 tale
668 2176 843 2210 promisisset
853 2176 1015 2204 instituere.
1029 2175 1094 2202 Cod.
1107 2175 1188 2203 Corb.

449 2221 566 2249 'nonnisi
585 2221 699 2255 aliquid
713 2222 768 2249 tale
788 2220 915 2248 instituit
931 2230 955 2247 n.
973 2221 1048 2247 Cont.
1063 2221 1153 2247 Const,

482 2265 499 2291 6
518 2264 643 2292 «Merlin.
656 2268 683 2292 et
698 2272 764 2291 mss.
775 2263 855 2291 Corb.
868 2273 957 2291 unam
971 2275 997 2291 ».
1013 2263 1089 2291 Cont.
1102 2263 1190 2291 Const.

449 2310 500 2338 Nos
516 2318 547 2337 ex
563 2318 590 2337 n.
607 2310 668 2337 cod.
695 2310 774 2343 1310,
795 2309 838 2336 cui
858 2317 923 2337 mss.
945 2309 1052 2345 Remig.
1069 2312 1095 2336 et
1110 2308 1190 2336 Corb.

448 2354 629 2387 consentiunt,
651 2353 818 2381 restituimus
834 2355 920 2381 unde.

485 2400 499 2426 7
520 2410 532 2423 «
549 2398 659 2426 Planior
674 2402 745 2425 esset
760 2397 802 2425 bie
824 2399 900 2425 locus
915 2399 952 2425 ita
967 2398 1106 2425 ordinatus
1134 2406 1192 2425 non

450 2444 513 2471 sine
526 2443 624 2478 qratia
635 2443 836 2478 providentiae
852 2444 906 2470 Dei
924 2445 1041 2478 factum,
1058 2443 1134 2477 quod
1145 2443 1192 2470 ille

452 2488 692 2516 monstraverit...
711 2497 734 2514 ι.
755 2487 832 2514 Cont.
849 2487 939 2514 Const.

486 2532 502 2560 8
517 2531 646 2559 Harduin.
664 2536 690 2558 et
705 2532 749 2559 cit.
767 2532 826 2560 cod.
843 2536 916 2560 recte
932 2532 994 2559 add.
1011 2542 1048 2560 se.

486 2579 503 2605 9
518 2577 569 2604 Iid.
585 2578 640 2605 ais.

490 2621 521 2650 to
540 2634 552 2646 «x
568 2621 605 2649 lta
626 2622 686 2648 cod.
697 2622 776 2648 Corb.
790 2622 840 2649 Sed
853 2621 955 2658 Remig.
967 2622 1109 2657 ipsumfitt.
1122 2621 1191 2649 Mer-

1211 485 1281 507 rum
1294 474 1457 517 pertinent
1476 472 1646 513 unitatem,
1671 478 1701 505 et
1721 473 1874 506 adversus
1888 472 1955 506 dia-

1211 527 1322 560 bolum
1342 526 1606 559 conturbatorem
1628 536 1722 559 verae
1738 525 1838 569 pacis,
1859 530 1955 568 atque

1211 580 1387 624 compagis,
1404 586 1439 613 ut
1451 579 1577 620 asseris,
1594 579 1717 613 sortiter
1728 578 1905 612 resistentis
1918 578 1951 610 ¹¹.

1211 634 1242 667 Si
1269 645 1345 675 ergo
1370 635 1409 667 dc
1435 644 1485 666 me
1506 633 1565 666 ista
1592 633 1795 677 pronuntias
1822 638 1877 665 aut
1899 641 1952 665 se-

1213 687 1328 720 ctanda
1346 686 1402 719 tibi
1420 691 1504 726 sunt,
1533 696 1616 729 quae
1637 697 1654 719 a
1671 685 1806 726 Christo,
1830 690 1866 718 ut
1884 695 1956 730 per·

1214 740 1315 779 bibes,
1328 739 1502 773 constituta
1518 745 1609 779 sunt;
1627 739 1794 783 autpalam
1814 744 1854 780 te,
1869 738 1957 783 quod
2207 744 2235 763 1

1214 793 1307 834 absit,
1335 793 1450 826 Christi
1472 792 1737 836 dispositionibus
1757 792 1888 826 obviare
1900 791 1957 825 de·
2154 796 2169 811 ‘
2200 797 2214 806 *¹

1215 846 1353 891 promis,
1377 852 1429 879 aut
1451 846 1491 879 ad
1502 846 1627 879 veniam
1649 844 1794 879 luxuriae
1809 844 1829 861 ¹⁵
1848 844 1888 878 de
1906 854 1957 877 me

1215 899 1422 941 cognosceris
1447 899 1505 932 ista
1524 899 1652 932 iactare.
1677 898 1738 932 Sed
1759 907 1958 942 consequen-

1217 961 1265 987 ter
1296 953 1458 993 adnectis,
1497 951 1813 987 condescendibilem
1846 961 1897 985 me
1928 958 1956 984 et

1216 1007 1338 1050 optima
1348 1006 1559 1050 dispositione
1571 1005 1590 1022 ¹⁶
1608 1015 1760 1039 revocare
1774 1015 1868 1049 posse
1880 1014 1958 1038 con-

1217 1060 1373 1094 cordiam.
1410 1059 1568 1097 Proinde,
1602 1058 1756 1103 quoniam
1783 1058 1842 1092 isto
1862 1057 1960 1092 verbo

1217 1114 1402 1157 frequenter
1432 1112 1578 1149 utimini,
1614 1108 1691 1155 q⁴hid
1711 1111 1771 1145 sibi
1793 1111 1879 1152 velit,
1903 1121 1958 1144 ex-

1218 1167 1355 1210 plorem.
1387 1166 1515 1210 Optima
1540 1165 1626 1198 enim
1654 1165 1708 1198 illa
1734 1170 1780 1198 est
1799 1163 1960 1198 Ecclesiae

1218 1220 1395 1253 catholicae
1414 1225 1509 1262 atque
1531 1218 1726 1262 apostolicae
1747 1217 1916 1262 dispositio
1929 1216 1959 1257 ¹⁷,

1218 1274 1256 1306 ad
1284 1273 1419 1306 meliora
1443 1272 1646 1316 proficiendo
1678 1270 1960 1311 condescendere,

2061 960 2158 982 Summus

1974 989 2070 1010 Pontifex
2079 987 2157 1008 indivi-

1975 1016 2007 1036 uis
2030 1014 2157 1036 condescen-

1976 1043 2026 1062 dere
2037 1041 2118 1068 nequit.

2207 1038 2234 1161 Q*
2210 1113 2214 1120 ”
2203 979 2233 1057 “st-'LA'
2230 970 2233 975 .
2218 921 2233 954 A.

1219 1337 1283 1360 non
1309 1328 1347 1359 ad
1375 1326 1529 1360 inferiora
1557 1326 1784 1359 descendendo
1809 1325 1959 1358 deficere.
2214 1320 2233 1337 ⁵

1219 1381 1296 1415 Cum
1315 1387 1422 1415 autem
1445 1381 1536 1421 dicis,
1557 1380 1817 1414 condescendere
1837 1389 1895 1412 nos
1910 1379 1964 1412 de·
2208 1377 2232 1416 ἰ

1220 1436 1295 1468 bere
1302 1435 1480 1475 vobiscum,
1493 1434 1620 1467 interim
1632 1434 1757 1467 iamvos
1768 1439 1821 1466 aut
1833 1433 1965 1467 descen·
2207 1420 2233 1458 *¹⁸

1219 1489 1306 1527 dere,
1335 1494 1389 1521 aut
1410 1487 1612 1522 descendisse
1634 1485 1829 1520 monstratis.
1858 1485 1960 1522 Unde.
2214 1471 2233 1533 ἦ

1219 1553 1351 1586 quaeso,
1375 1543 1422 1575 vel
1444 1553 1508 1586 quo
1530 1542 1588 1575 ista
1609 1540 1776 1575 descensio
1798 1540 1868 1574 est‘?
1889 1539 1959 1573 Uti—
2207 1523 2233 1590 gi}

1220 1607 1282 1640 que
1307 1607 1343 1630 ex
1369 1595 1528 1640 superiori
1556 1595 1697 1639 quodam
1723 1595 1795 1627 loco
1816 1594 1856 1627 ad
1877 1593 1960 1626 inse·
1983 1599 2162 1648 cggdiegffinggrign
2212 1594 2233 1618 '³1

1220 1650 1463 1693 rioraquaeque
1475 1648 1622 1693 deposito
1636 1647 1667 1688 ¹⁸,
1684 1659 1702 1681 a
1714 1647 1961 1691 catholicaapo-
1979 1653 2106 1702 ggfigugesfgde
2127 1653 2162 1673 de·

1220 1703 1397 1747 stolicaque
1430 1701 1659 1736 communione
1689 1701 1727 1734 ad
1767 1700 1963 1734 haereticam

1223 1821 1269 1848 lin.
1288 1821 1346 1856 ipse
1366 1821 1407 1848 id.
1427 1821 1465 1847 ΛΙ,
1483 1820 1547 1847 edit.
1566 1819 1615 1847 hoe
1628 1820 1687 1854 ipse
1707 1819 1816 1845 dictum
1836 1819 1869 1845 de
1896 1826 1923 1845 se
1937 1829 1962 1844 υ.

1223 1865 1299 1892 Cont.
1316 1865 1407 1892 Const.

1261 1910 1289 1936 11
1308 1909 1373 1937 cod.
1385 1909 1442 1936 Vat.
1462 1908 1593 1936 1340n0n
1606 1909 1703 1936 vocari
1716 1908 1835 1943 dignum
1851 1910 1964 1942 aposto-

1224 1951 1295 1978 tum.

1262 1994 1293 2022 12
1310 1994 1454 2022 lCorintli.
1470 2002 1514 2029 xv,
1530 1994 1557 2021 9.

1262 2040 1292 2066 l3
1311 2051 1323 2063 «ι
1339 2039 1400 2066 Mss.
1417 2047 1476 2075 sup.
1488 2039 1532 2065 cit.
1545 2041 1702 2073 cunctaque
1717 2039 1795 2066 circa
1808 2037 1964 2072 inspicien-

1225 2080 1259 2105 tis
1267 2090 1278 2103 υ
1288 2101 1291 2105 .
1303 2079 1380 2105 Cont.
1390 2078 1483 2106 Const.
1494 2078 1544 2105 Cit.
1556 2077 1616 2105 cod.
1628 2078 1684 2104 Vat.
1694 2076 1964 2112 circumspicientis.

1261 2123 1293 2150 14
1308 2122 1397 2150 Caras.
1422 2122 1539 2157 fortiter
1567 2123 1755 2155 resistentem,
1779 2120 1850 2156 quod
1871 2120 1966 2147 Baron.

1224 2163 1318 2198 aliisve
1333 2163 1422 2190 minus
1437 2162 1548 2190 arridet.

1263 2207 1294 2234 15
1308 2207 1359 2233 Cit.
1384 2207 1445 2234 cod.
1467 2210 1517 2235 aut
1532 2207 1581 2240 (da
1601 2205 1724 2236 veniam)
1748 2206 1853 2234 lusorie
1872 2205 1906 2231 (le
1922 2212 1967 2231 me

1224 2247 1399 2282 comiosceris
1417 2248 1475 2275 ista
1505 2247 1623 2275 iactare.
1644 2247 1685 2273 At.
1716 2254 1775 2273 cum
1796 2245 1855 2272 eod.
1886 2244 1966 2272 Corb.

1224 2290 1275 2315 aut
1290 2288 1327 2315 ad
1342 2295 1453 2315 venam.
1465 2287 1539 2318 Quae
1554 2287 1633 2315 lectio
1644 2290 1753 2314 nostrae
1765 2286 1870 2313 videtur
1885 2292 1965 2320 prae-

1225 2327 1347 2354 ferenda.

1263 2371 1295 2398 16
1319 2371 1395 2398 Cont.
1412 2370 1503 2398 Const.
1528 2371 1614 2406 magis
1629 2370 1749 2406 placeret
1772 2368 1970 2397 condescendi-

1226 2412 1278 2439 biti
1298 2420 1341 2439 me
1356 2415 1382 2440 et
1397 2413 1507 2447 optima
1527 2412 1721 2447 dispositione.

1262 2457 1292 2483 17
1314 2456 1356 2483 Sic
1371 2456 1436 2483 edit.
1454 2456 1563 2492 passim.
1580 2456 1661 2484 Hard.
1679 2464 1742 2482 vero
1758 2454 1791 2482 ad
1807 2454 1968 2489 marginem,

1226 2501 1252 2523 et
1268 2497 1329 2523 cod.
1350 2496 1430 2523 Corb.
1460 2496 1562 2523 addunt
1584 2504 1655 2531 quae
1675 2496 1760 2523 docet.
1783 2494 1886 2530 Remig.
1909 2502 1969 2520 cum

1225 2544 1252 2563 n.
1270 2536 1328 2563 Vat.
1347 2536 1414 2563 1340
1429 2536 1529 2573 optime
1545 2536 1664 2572 quidem.
1677 2544 1750 2570 quae
1765 2535 1856 2563 novit.

1262 2581 1294 2608 18
1313 2592 1325 2606 «
1336 2580 1438 2609 Merlin.
1451 2585 1479 2608 et
1493 2589 1557 2608 mss.
1573 2580 1653 2608 Corb.
1670 2580 1823 2616 deponitis,
1841 2578 1873 2606 ad
1890 2578 1966 2605 cuius

1227 2629 1312 2656 marg.
1342 2622 1521 2656 depromitis.
1547 2620 1642 2649 Baron.
1667 2620 1806 2656 depositos
1837 2629 1861 2646 n.
1892 2618 1970 2646 eom.
