2244 3183
2198 0 2219 46 fl:

483 200 545 231 :330
969 208 1128 232 tr‘rEme
1149 207 1297 232 mummi
1319 206 1438 232 noum

449 259 624 292 admodum
652 258 798 302 priorum
834 262 952 290 statuta
987 268 1003 289 a
1028 255 1192 300 sequenti·
1227 261 1256 288 te
1278 255 1473 289 ineolumem
1492 255 1670 296 custodiat,
1689 255 1735 288 fili
1758 261 1787 289 et
1805 255 1965 289 [raterca-

448 313 508 345 luis
520 312 665 345 convenit
682 311 819 345 riolari‘?
839 312 908 344 Huc
929 310 1064 351 accedit,
1085 309 1191 353 quod¹
1227 307 1364 341 rissime.

448 365 528 398 haec
552 365 589 398 sit
616 364 848 398 sententiarum
869 364 1004 397 varietas
1030 363 1070 396 ad
1091 363 1192 406 ipsam
1270 362 1348 394 Data
1361 371 1396 395 111
1410 361 1563 394 kalendas
1575 360 1735 402 Octobris,
1754 360 1916 396 iterumP.
1930 362 1962 396 C.

447 424 686 452 sacrosanctam
708 418 898 451 catholicam
918 417 1109 460 religionem
1125 427 1194 449 ere-
1228 414 1352 447 Paulini
1372 413 1509 448 Iunioris
1530 414 1563 446 V.
1585 414 1615 447 C.

449 472 555 505 dimus
588 471 763 515 pertinere,
799 471 890 504 cuius
916 470 1020 504 omnis
1052 475 1193 513 potestas
1262 475 1324 503 Dat.
1346 475 1387 502 die
1409 475 1441 501 *29
1461 474 1612 510 Septembr.
1635 483 1697 502 ann.
1717 474 1769 504 500
1784 476 1806 502 (ἱ.

448 524 650 568 infringitur,
677 525 738 558 nisi
764 525 931 565 universa,
953 534 1036 568 quae
1057 524 1098 557 ad
1114 523 1194 556 invi-

449 588 517 611 cem
532 578 773 612 sacerdotibus²
793 578 893 611 semel
907 582 1105 617 statuuntur,
1121 587 1194 620 per-

448 636 544 675 petua
577 631 649 664 sint.
678 632 769 670 Quod
799 631 900 664 alias³
920 630 1108 673 contingere
1136 641 1194 673 po-

450 684 535 724 terit,
563 684 588 716 si
605 695 773 718 successor
791 684 969 718 decessoris
987 683 1111 716 actibus
1128 693 1193 716 non

450 737 597 770 tribuerit
624 737 829 778 firmitatem,
854 744 882 771 et
905 738 1091 771 roborando
1111 748 1193 782 quae

449 796 538 833 gesta
562 797 650 832 sunt,
679 791 773 825 saciat
793 799 860 825 rata
881 803 960 833 esse,
985 803 1067 835 quae
1088 802 1194 834 gesse-

451 844 502 877 rit.
527 845 650 883 Quanta
671 845 756 878 enim
778 845 904 879 ricariis
917 845 1093 879 beatissimi
1109 846 1193 879 Petri

449 898 594 941 Apostoli
619 897 817 932 iudicabitur
841 909 909 932 esse
944 900 1140 940 reverentia,
1168 900 1193 933 si

450 961 532 994 quae
564 951 596 984 in
628 952 849 986 sacerdotibus
877 954 1055 998 praecipiat
1077 955 1102 995 ⁵,
1127 955 1190 987 eis-

450 1005 524 1037 dem
550 1005 805 1046 transcuntibus,
834 1006 1071 1040 dissolvantur-⁸?
1101 1008 1193 1041 Rele-

450 1063 561 1100 gentes
576 1068 652 1100 ergo
667 1064 811 1092 veterum
826 1059 1003 1093 antistitum
1024 1072 1121 1104 super
1134 1062 1194 1095 liae

451 1122 547 1145 causa
560 1111 792 1153 ordinationes,
809 1113 926 1156 quibus
942 1114 1193 1149 ecclesiasticum

251 210 302 237 An.
318 209 347 236 C.
368 209 419 236 500
1997 207 2049 234 An.
2066 206 2094 234 C.
2110 207 2162 236 500

1458 634 1644 670 EPISTOLA
1665 636 1700 669 lV
1714 636 1732 668 ⁷.

1228 709 1257 741 E
1271 708 1348 740 data
1363 707 1405 740 ud
1424 707 1587 741 Aeom'um
1600 707 1803 750 responsione
1815 707 1865 740 nil
1877 707 1971 741 Aviti

1273 761 1341 793 iuri
1362 760 1627 804 praeiudicatum
1657 760 1808 799 ostendit,
1835 764 1864 793 et
1885 761 1972 794 hum

1273 815 1435 853 horti-(tur,
1459 818 1495 846 a!
1515 813 1680 857 quidquid
1697 814 1798 846 insui
1815 813 1972 856 defensio-

1272 878 1346 900 nem
1377 867 1592 910 ‹itteqcmdmn
1627 867 1800 906 «mistiwoi,
1833 866 1972 909 fidenter

1269 925 1440 965 proponat.

278 695 351 720 ltaque
361 694 433 714 deces-

251 728 320 742 surum
344 723 433 750 ‚statuta

251 755 292 768 uon
302 749 432 769 intrim-indu

2208 975 2235 1004 ς·
2207 778 2237 880 few*
2207 652 2237 767 ’θερμοῦ
2202 443 2230 641 &mn-⁸⁶⁴·
2207 404 2214 424 ·’
2210 384 2217 393 .

1281 1002 1482 1030 Dilectissimo
1503 1002 1589 1029 fratri
1608 1001 1693 1029 Avito
1710 1002 1915 1036 Symmachus.

1272 1065 1342 1098 Non
1360 1064 1471 1098 debuit
1485 1064 1674 1098 charitatem
1690 1070 1779 1098 tuam
1792 1064 1968 1106 offendere,
1986 1092 2008 1113 S·
2025 1064 2122 1113 {Ystggff
2131 1068 2170 1110 ,¹131

1230 1119 1317 1162 quod
1349 1119 1388 1152 ad
1421 1119 1554 1152 fratrem
1591 1124 1620 1152 et
1650 1119 1879 1162 coepiscopum
1910 1129 1970 1153 no·
1985 1120 2095 1140 mmmm*

280 1279 359 1299 Aeonio
374 1278 437 1302 luitur

254 1305 275 1325 in
290 1305 401 1325 sacrandis
416 1311 437 1325 e·

253 1332 347 1357 piscopis
384 1332 437 1352 anti-

254 1358 330 1384 quitati
340 1359 437 1379 standum

451 1169 603 1206 gravatur
616 1165 768 1198 scrinium
781 1193 788 1206 ,
804 1166 1011 1201 dilectionem
1026 1174 1113 1201 tuam
1128 1169 1195 1202 eni-

452 1217 581 1251 xissime
607 1229 863 1260 commonemus,
892 1220 979 1253 utin
1005 1221 1195 1256 ordinandis

452 1281 510 1314 per
530 1270 672 1313 singulas
686 1272 782 1306 urbes
801 1274 1024 1308 sacerdotibus
1042 1285 1121 1308 cana
1134 1276 1144 1291 ⁵
1158 1287 1195 1309 ac

454 1325 629 1358 reverenda
654 1332 799 1359 servetur
829 1328 1021 1371 antiquitas,
1046 1340 1105 1363 noc
1131 1341 1192 1363 no-

453 1378 534 1412 vella
555 1379 741 1412 constitutio
756 1386 896 1414 vetustae
909 1382 1085 1416 sanctionis
1096 1384 1197 1417 robur

453 1432 646 1471 imminuam
666 1433 743 1477 quia
762 1444 827 1467 non
849 1435 943 1469 aliter
960 1436 1044 1470 inter
1060 1447 1115 1471 vos
1139 1449 1197 1481 po-

453 1485 528 1518 terit
552 1486 672 1519 servari
698 1488 884 1527 concordia,
919 1489 978 1522 nisi
999 1491 1090 1523 noris
1108 1491 1197 1535 cupi-

454 1539 606 1573 ditatibus
638 1540 838 1584 antiquitatis
872 1544 1051 1576 reverentia
1082 1546 1197 1578 modus

452 1593 655 1636 prudentiori
674 1594 866 1628 adhibeatur
879 1596 1025 1630 consilio.
1042 1598 1197 1632 Dominus

499 1717 511 1743 1
542 1728 553 1741 κ
565 1717 629 1744 Cod.
655 1726 712 1753 reg.
741 1720 817 1754 quod
842 1720 910 1747 haec
937 1721 962 1747 εἰ
983 1722 1109 1755 eveniam
1136 1723 1196 1750 cod.

455 1762 531 1789 Colli.
553 1763 627 1797 quod
653 1764 721 1791 haec
742 1764 768 1791 δι’
792 1765 903 1797 valeat;
921 1765 1058 1792 Sirmond.
1075 1768 1148 1801 quod
1163 1776 1198 1794 ne

454 1807 490 1834 sit
501 1818 527 1834 n.
540 1807 623 1835 Maur.
639 1807 718 1842 ibid„
729 1817 842 1844 quarum
858 1809 1004 1837 lectionum
1019 1810 1095 1837 Cont.
1106 1811 1196 1839 Const.

455 1852 569 1887 primam
599 1852 748 1888 adproliat;
772 1862 821 1880 nos
837 1862 897 1881 cuin
912 1854 997 1881 Labh.
1016 1855 1033 1882 Ι.
1051 1864 1074 1882 c.
1092 1860 1199 1891 postre-

456 1904 515 1923 mae
536 1897 701 1931 accedimus,
718 1898 817 1933 quippe
842 1907 910 1933 quae
926 1902 993 1926 orat.
1009 1904 1125 1927 context.
1142 1909 1200 1928 ma-

454 1940 495 1975 gis
511 1949 629 1968 consona
645 1941 760 1969 videtur.

491 1985 505 2011 2
526 1986 566 2012 Al.
582 1986 683 2020 optime
699 1995 715 2013 α
733 1987 853 2014 Domini
870 1988 1074 2016 sacerdotibus.

494 2031 509 2056 3
525 2030 590 2058 Cod.
608 2031 677 2058 Arel.
700 2040 842 2067 perperam
863 2033 941 2065 Quod
955 2034 1041 2067 aliis,·
1058 2033 1105 2061 sed
1120 2034 1198 2062 Cont.

456 2075 549 2103 Const.
566 2075 598 2102 ad
614 2084 724 2104 sensum
738 2080 800 2112 apte
818 2078 896 2109 Quod
915 2078 968 2105 ita.

492 2121 507 2147 [ι
528 2122 571 2148 Α1.
593 2121 626 2149 ad
653 2130 725 2149 sens.
751 2122 840 2158 inepte
861 2123 1057 2158 praecipiant.
1080 2123 1106 2150 Β.
1130 2123 1200 2150 enim

456 2167 555 2193 Petrus
575 2175 623 2201 per
642 2175 705 2194 suos
727 2167 839 2195 vicarios
855 2168 986 2203 praecipit
1001 2177 1081 2204 quae,
1097 2169 1200 2196 eisdem

457 2211 672 2247 transeuntibus,
694 2212 805 2240 dissolvi
826 2221 876 2239 non
898 2213 1009 2240 dehent.

492 2255 509 2282 5
532 2255 620 2283 «Cod.
650 2264 709 2291 reg.
733 2265 890 2284 canonum.
916 2258 972 2284 Sed
994 2262 1035 2284 est
1051 2266 1099 2285 vox
1117 2258 1201 2285 inter-

458 2300 547 2334 polata
563 2301 659 2336 partim
675 2301 777 2328 recenti
793 2309 873 2329 manu
884 2312 909 2328 ».
927 2303 1015 2329 Maur.
1031 2302 1098 2329 ibid.

493 2345 509 2371 6
534 2344 580 2371 Hic
597 2346 631 2371 al.
650 2345 711 2372 add.
742 2356 753 2370 ιε
766 2346 950 2374 Dominicum
970 2347 1084 2374 Pascha
1099 2355 1159 2380 viu,
1176 2351 1202 2374 et

459 2389 493 2415 al.
506 2398 530 2415 ix
542 2389 731 2424 kal.A2»·il1's,
747 2399 816 2425 quae
828 2391 942 2418 formula
953 2391 1047 2418 Pascli.
1060 2391 1131 2419 diem
1142 2400 1199 2426 seq.

459 2441 520 2460 ann.
539 2433 686 2460 iudicabat.
704 2434 737 2460 At
751 2434 791 2461 vel
808 2435 897 2462 minus
913 2435 1098 2463 consideranti
1113 2439 1199 2471 patet,

459 2477 604 2504 Paulinum
627 2478 794 2506 consulatum
814 2479 902 2514 egisse
917 2488 981 2507 ann.
1002 2480 1066 2512 498,
1085 2480 1202 2516 ideoque

459 2521 482 2548 si
497 2521 565 2548 haec
580 2530 622 2557 ep.
642 2530 704 2549 vere
724 2523 786 2549 data
802 2523 851 2550 fuit
871 2524 976 2551 iterum
997 2524 1026 2551 P.
1044 2524 1072 2551 C.
1086 2524 1200 2558 Paulini,

460 2573 513 2592 non
534 2565 726 2601 ambigendum
746 2567 874 2602 scriptam
893 2567 975 2594 fuisse
991 2576 1054 2595 aim.
1071 2568 1132 2599 500,
1150 2576 1201 2595 11011

461 2609 568 2645 quidem
588 2610 658 2645 499,
675 2614 704 2638 ut
720 2611 822 2638 clariss.
840 2611 935 2640 Ilaron.
953 2612 1020 2640 falso
1045 2611 1200 2640 arbitratur.

1229 1178 1331 1205 strum
1352 1171 1510 1205 Aeonium
1528 1182 1632 1215 nuper
1646 1171 1881 1215 rescripsimus.
1901 1172 1972 1206 Non
2213 1169 2230 1216 ἶ,

1230 1225 1315 1258 enim
1341 1225 1404 1258 iuri
1425 1230 1497 1265 tuo,
1519 1224 1726 1258 dilectissime
1747 1225 1855 1266 frater,
1877 1235 1972 1269 prae-

1230 1278 1407 1312 iudicatum
1433 1278 1503 1318 t'uit,
1527 1287 1601 1311 cum
1622 1289 1690 1319 nos,
1722 1278 1866 1312 inaudita
1882 1284 1973 1323 parte

1231 1339 1260 1366 et
1292 1332 1414 1375 absque
1441 1331 1636 1376 competenti
1665 1331 1887 1372 instructione,
1906 1341 1973 1365 non

1230 1396 1324 1430 posse
1350 1385 1492 1419 iudicare
1522 1385 1761 1430 respondimus.
1789 1385 1880 1418 Unde
1903 1385 1969 1418 sra-

1232 1439 1372 1473 ternitati
1400 1444 1473 1472 tuae
1499 1439 1620 1472 salvum
1651 1443 1698 1472 est
1718 1438 1857 1481 allegare
1885 1439 1973 1482 quod

1230 1492 1387 1537 putaverit
1401 1492 1619 1534 allegandum,
1636 1497 1665 1525 et
1688 1501 1872 1535 proponere
1885 1492 1973 1535 quod

1230 1546 1342 1579 viderit
1357 1546 1616 1590 proponendum.
1631 1546 1709 1579 Nam
1724 1545 1799 1578 licet
1812 1544 1974 1578 confusio-

1231 1609 1304 1632 nem
1330 1598 1515 1642 provinciae
1543 1610 1559 1631 a
1589 1599 1835 1642 praedecessore
1862 1602 1973 1632 nostro

1232 1724 1286 1751 lam
1307 1731 1368 1749 vero
1385 1731 1446 1749 ann.
1464 1723 1512 1749 501
1532 1722 1701 1749 Dominicum
1717 1722 1820 1749 Pascha
1835 1721 1862 1749 in
1878 1721 1975 1757 Aprilis

1233 1768 1303 1795 diem
1324 1767 1481 1803 vigesimum
1499 1766 1647 1794 secundum
1665 1766 1818 1800 incidebam
1832 1766 1913 1801 igitur
1926 1775 1975 1802 pro

1232 1820 1280 1838 vin
1300 1812 1354 1838 kal.
1378 1811 1480 1846 Aprilis
1504 1810 1677 1838 scribendum
1703 1810 1750 1837 suit
1771 1820 1787 1836 x
1810 1810 1861 1838 kat.
1883 1810 1974 1841 Maias.

1233 1856 1253 1883 Ε
1269 1859 1333 1882 nota
1355 1859 1445 1882 autem
1469 1855 1613 1888 consulari,
1636 1854 1723 1890 inquit
1743 1854 1850 1890 Pagius,
1872 1863 1976 1890 expun-

1232 1900 1349 1935 gendum
1370 1904 1409 1927 est
1429 1900 1560 1935 epitetum
1574 1899 1640 1926 illud
1654 1899 1785 1927 Izzniorz's
1800 1899 1913 1926 Paulino
1928 1899 1976 1926 tri-

1234 1945 1343 1976 hutum3
1369 1944 1401 1970 ah
1430 1943 1479 1971 lioc
1499 1943 1569 1970 enim
1598 1943 1688 1970 nullus
1717 1943 1838 1970 eiusdem
1863 1943 1979 1970 nominis

1234 1989 1328 2016 consul
1354 1989 1565 2020 intercesserat,
1590 1996 1622 2015 ae
1645 1987 1758 2023 proinde
1787 1996 1836 2016 vox
1858 1987 1903 2015 illa
1930 1996 1978 2024 per

1234 2033 1351 2069 aliquem
1364 2032 1477 2060 sciolum
1487 2032 1591 2060 intrusa
1602 2036 1642 2060 est
1657 2031 1808 2060 retinenda.
1821 2031 1879 2059 vid.
1888 2032 1975 2060 Maur.

1235 2082 1261 2105 et
1277 2078 1340 2113 Pag.
1356 2077 1427 2113 apud
1442 2077 1529 2104 Baron
1545 2077 1573 2104 ll.
1592 2085 1631 2104 cc.

1270 2123 1283 2148 7
1296 2122 1333 2149 Ex
1344 2121 1432 2149 Labi).
1446 2121 1819 2156 0011611.(Σοῐῑεοι.,ῐο111.1ν,
1832 2121 1975 2148 001.1311.

1235 2167 1319 2194 Porro
1340 2170 1402 2193 nota
1418 2166 1548 2193 chronica
1563 2165 1688 2201 requirit,
1709 2169 1738 2193 ut
1753 2165 1823 2193 lianc
1837 2165 1979 2201 epistolam

1235 2211 1278 2238 liic
1294 2211 1469 2238 collocemus.
1490 2210 1587 2238 Videat
1605 2214 1695 2238 autent
1711 2210 1806 2245 lector,
1827 2214 1916 2237 utrum
1931 2218 1979 2237 an-

1235 2257 1370 2284 tecedenti
1392 2257 1427 2284 sit
1446 2255 1646 2292 praeponenda.
1670 2255 1747 2282 Certe
1767 2259 1828 2290 post
1851 2255 1979 2282 emissum

1235 2301 1300 2328 illud
1320 2301 1345 2328 S.
1367 2301 1398 2328 A.
1415 2300 1546 2328 iudicium
1567 2300 1656 2327 nullus
1675 2299 1750 2327 locus
1769 2299 1832 2326 huic
1847 2299 1978 2334 epistolae

1237 2346 1340 2373 videtur
1364 2345 1567 2381 relinquendus.
1588 2346 1622 2371 At
1641 2353 1704 2372 vero
1721 2348 1826 2379 tempus
1847 2343 1980 2380 superiori

1235 2390 1401 2425 adscriptum
1426 2390 1505 2417 oss'ert
1529 2398 1562 2416 nc
1591 2389 1731 2416 indubiam
1758 2391 1848 2416 notam
1868 2387 1980 2415 certitu-

1235 2434 1323 2461 dinis?
1355 2434 1449 2461 Nonne
1476 2433 1640 2461 advertimus
1667 2441 1760 2460 vocem
1785 2432 1917 2460 laniaris
1941 2431 1980 2458 ibi

1235 2479 1318 2505 fuisse
1337 2478 1484 2506 adiectam?
1503 2478 1599 2505 Nonne
1617 2476 1753 2504 Pascliatis
1772 2475 1829 2502 dies
1848 2474 1885 2502 ibi
1905 2474 1978 2502 iudi-

1236 2526 1294 2550 ctus
1314 2531 1374 2550 cum
1393 2522 1545 2558 insequenti
1566 2529 1635 2549 anno
1655 2521 1768 2548 minime
1788 2519 1978 2554 congruit?....

1236 2567 1306 2598 Quin
1327 2567 1408 2594 immo
1428 2567 1485 2602 ipsa
1504 2569 1560 2594 not.
1574 2565 1668 2592 chron.
1681 2564 1707 2591 h.
1720 2571 1798 2600 ep.1v
1814 2567 1854 2591 est
1869 2572 1901 2591 ne
1918 2571 1978 2590 cer-

1236 2611 1358 2639 tissima?
1377 2611 1439 2638 Vid.
1461 2615 1516 2638 not.
1537 2611 1549 2637 1
1573 2618 1634 2645 pag.
1655 2618 1713 2644 seq.
