2244 3183
66 846 114 872 An.
136 845 164 873 C.
181 845 233 872 476

97 1973 192 1994 Ecclesia
203 1975 255 1994 (qu-

70 2002 153 2021 stantia«
227 2008 237 2021 ,Ἰ

71 2027 154 2053 Aeliu-11
205 2029 254 2048 itan·

71 2053 170 2074 (tinnitus
185 2061 255 2075 ‹err-‘1-

531 360 622 456 S.
711 359 1514 457 SIMPLICIUS.

502 838 687 873 EPISTOLA
713 839 723 872 Ι
743 838 764 872 ¹.

265 946 389 979 Novam
412 945 583 979 orientalis
612 945 773 979 Ecclesiae
796 945 1010 989 perturbatio-

308 1011 383 1032 nem
413 1001 578 1039 innuens,
617 999 937 1044 Constantinopolim
969 999 1009 1033 ab

308 1053 423 1087 Aeturi
457 1055 621 1097 pravitate
661 1054 820 1086 divinitus
849 1057 1009 1087 serratam

308 1107 458 1147 ostendr‘t;
485 1112 552 1140 tum
576 1107 731 1140 Acacium.
748 1111 869 1147 monet,
895 1111 929 1140 ut
953 1108 1011 1140 im-

306 1162 469 1203 peratoris
487 1161 636 1194 animum
656 1161 692 1193 in
718 1161 855 1194 meliora
872 1161 1008 1194 consilia

313 1215 447 1247 trahens
470 1214 689 1247 universalem
713 1215 873 1258 synodum
891 1214 931 1247 ab
954 1215 1011 1248 Ac-

312 1268 383 1301 turo
401 1270 576 1312 expetitam
589 1279 649 1312 pro
666 1269 787 1302 rz‘rr'bus
804 1269 970 1313 impediat.

360 1358 530 1392 Simplicius
551 1359 630 1392 Papa
649 1358 755 1386 Anneio
775 1358 917 1393 Episcopo

463 1411 808 1445 Constantinopolitano.

312 1484 473 1522 Quantum
494 1483 757 1528 presbyterorum
779 1490 809 1518 ct
829 1495 865 1517 ex
879 1484 1012 1518 diversis

129 1552 151 1565 *1
180 1546 250 1566 ϊω-
269 1537 472 1571 monasteriis
496 1537 633 1570 Domino
658 1538 867 1571 servientium
894 1549 1009 1571 mona-

269 1591 404 1624 chorum
427 1591 584 1624 relatione
598 1591 792 1635 patefactum
803 1597 860 1632 cst,
872 1591 1013 1625 Ecclesia

268 1645 516 1677 Dominirursus
536 1645 684 1678 diabolus
705 1645 877 1688 inquietat;
902 1645 944 1678 ita
964 1652 1009 1686 ut,

269 1699 398 1731 excluso
422 1698 640 1732 Alexandrino
665 1699 843 1739 sacerdote,
868 1698 1009 1732 baereti-

269 1763 350 1793 cus,
384 1758 481 1796 atque
510 1752 549 1785 ab
583 1752 788 1786 universitate
819 1753 1009 1793 damnatus,

269 1806 420 1839 eumdem
446 1806 564 1847 locum,
591 1806 629 1839 de
662 1816 727 1850 quo
757 1806 869 1850 pulsus
895 1806 1010 1847 suerat,

270 1869 444 1902 occupasse
474 1859 618 1892 dicatur:
648 1859 791 1903 insuper,
820 1859 1012 1903 quibusdam

271 1913 460 1953 faventibus,
473 1912 781 1957 Constantinopolin]
792 1924 904 1947 ausum
918 1913 1014 1947 fuisse

250 2008 254 2019 1
271 1967 477 2007 contendere,
492 1972 525 1999 ut
537 1966 647 1999 civitas
659 1966 908 2000 christianorum
923 1967 1014 2010 prin-

272 2020 379 2064 cipum
409 2020 495 2053 cirea
526 2020 601 2053 fidei
638 2019 814 2053 catholicae
846 2021 1012 2054 veritatem

272 2072 442 2106 devotione
456 2073 668 2116 praecellens,
685 2078 716 2106 et
729 2072 904 2107 christiana
923 2073 1014 2118 plebs

272 2127 303 2159 in
324 2127 509 2161 defensione
530 2127 707 2170 religionis,
731 2133 850 2161 attenta
869 2128 1010 2162 baereti-

272 2191 382 2213 corum
404 2180 573 2224 pravitate,
590 2191 672 2225 quae
693 2180 756 2213 iam
771 2181 874 2214 suerat
894 2181 1010 2225 sopita,

272 2234 429 2267 turbetur.
449 2234 510 2268 Sed
524 2233 747 2267 misericordia
770 2234 837 2275 Dei,
859 2234 950 2268 euius
967 2240 1014 2269 est

308 2360 318 2386 1
338 2360 374 2386 Ex
388 2359 474 2387 Mansi
492 2360 598 2387 Concil.
611 2359 724 2387 Collect.
742 2362 805 2386 tom¹
823 2366 870 2393 vu,
887 2360 936 2387 eol.
950 2359 1012 2393 977,

273 2404 317 2432 ubi
333 2405 392 2432 Sev.
414 2404 508 2431 Binius
524 2404 671 2437 contendit,
693 2404 762 2431 bano
782 2412 841 2431 esse
861 2404 1011 2440 epistolam,

272 2457 351 2484 quam
363 2449 458 2476 Aeaeio
473 2448 610 2484 scriptam,
628 2456 688 2475 mox
700 2452 847 2483 patentem,
859 2452 886 2476 et
896 2449 1014 2476 nondum

272 2493 439 2529 obsignatam
455 2493 487 2520 ad
506 2494 698 2529 imperatorem
713 2501 774 2520 cum
793 2494 916 2529 sequenti
932 2494 1012 2521 misit.

275 2538 301 2565 td
313 2542 401 2565 autem
412 2538 508 2565 falsum
520 2547 579 2565 esse
594 2546 625 2565 cx
641 2538 698 2573 ipso
710 2538 761 2564 litt.
775 2541 846 2565 textu
861 2537 1015 2574 deprehen-

273 2582 357 2609 ditur:
375 2582 526 2618 Simplicius
542 2582 612 2609 enim
628 2586 685 2609 tum
701 2582 727 2609 in
744 2583 802 2614 bae,
819 2586 874 2609 tum
891 2583 917 2609 in
933 2583 1017 2610 attera

275 2626 457 2654 tantummodo
472 2626 561 2654 Sancti
576 2626 672 2654 Leonis
684 2627 845 2663 exemplaria
861 2627 902 2653 De
916 2627 1017 2655 Incar-

274 2672 393 2700 natione
415 2672 537 2700 Domini
562 2672 718 2708 imperatori
739 2680 787 2707 per
805 2671 931 2699 Acacium
950 2672 1017 2700 otl'e-

1043 847 1150 878 causa,
1178 847 1243 870 non
1265 836 1377 878 defuit,
1401 842 1436 870 ut
1452 836 1649 878 Timotheus,
1671 836 1726 880 qui
1746 837 1786 869 ab
1820 845 1870 871 An.
1893 844 1921 871 C.
1939 845 1989 871 476

1042 890 1216 923 universali
1236 890 1378 923 Ecclesia
1390 889 1643 923 sacerdotalibus
1660 895 1787 923 senten-

1042 943 1094 977 tiis
1122 949 1154 977 et
1185 943 1412 988 imperialibus
1442 943 1623 976 constitutis
1650 943 1720 976 iure
1743 949 1789 977 est

1043 1004 1230 1041 segregatus
1250 996 1271 1038 ⁹,
1296 997 1336 1030 ad
1356 997 1531 1031 Ecclesiam
1554 1002 1626 1030 tuae
1645 996 1790 1030 dilectio-

1043 1051 1103 1092 nis,
1120 1051 1169 1084 vel
1184 1050 1224 1084 ad
1242 1050 1387 1084 fidelium
1410 1051 1583 1084 domorum
1597 1050 1711 1083 limina
1724 1060 1789 1083 non

1043 1105 1286 1149 permitteretur
1302 1105 1467 1138 accedere.
1489 1104 1593 1146 Quem
1614 1109 1790 1137 conventus

1044 1169 1144 1192 novos
1168 1169 1227 1203 pro
1252 1169 1286 1192 se
1312 1158 1485 1192 didicimus
1506 1157 1711 1199 comminari,
1739 1168 1791 1190 re-

1044 1212 1123 1246 solvi
1137 1212 1374 1246 existimantem
1386 1212 1473 1256 quod
1492 1211 1531 1245 de
1549 1222 1582 1245 se
1598 1211 1790 1245 universalis

1045 1267 1187 1300 decrevit
1217 1267 1403 1300 auctoritas.
1433 1267 1524 1300 Unde
1554 1267 1630 1311 quia
1660 1272 1790 1300 sanctae

1045 1320 1222 1354 memoriae
1235 1321 1522 1365 praedecessorum
1537 1327 1722 1353 nostrorum
1738 1331 1790 1352 ex-

1047 1381 1133 1408 tante
1163 1375 1325 1415 doctrina‚
1357 1380 1469 1408 contra
1501 1385 1597 1418 quam
1625 1375 1712 1408 nefas
1743 1379 1790 1407 est

1046 1428 1223 1472 disputare,
1247 1427 1392 1471 quisquis
1410 1433 1497 1461 recte
1517 1438 1631 1472 sapere
1648 1427 1786 1466 videtur,

1046 1481 1136 1514 novis
1156 1481 1388 1514 assertionibus
1408 1491 1473 1514 non
1499 1481 1622 1523 indiget
1647 1481 1787 1519 edoceri3

1045 1535 1100 1568 scd
1131 1535 1227 1578 plana
1252 1540 1348 1578 atque
1378 1535 1520 1578 perfecta
1551 1540 1626 1567 sunt
1654 1534 1787 1575 omnia,

1046 1588 1164 1632 quibus
1184 1593 1289 1631 potest
1308 1589 1355 1621 vel
1378 1588 1532 1632 deceptus
1553 1588 1592 1620 ab
1618 1587 1789 1621 haereticis

1047 1641 1180 1681 erudiri3
1209 1641 1256 1674 vel
1279 1641 1310 1673 in
1335 1641 1427 1674 vinea
1447 1641 1574 1674 Domini
1595 1641 1791 1685 plantandus

1048 1695 1181 1735 institui,
1196 1695 1368 1739 implorata
1376 1695 1438 1728 fide
1448 1695 1689 1728 clementissimi
1703 1695 1792 1739 prin-

1047 1748 1137 1792 cipis,
1158 1759 1270 1781 vocem
1285 1748 1452 1781 faciendae
1465 1749 1583 1793 Synodi
1599 1749 1647 1782 fac
1667 1750 1787 1793 respui,

1047 1812 1106 1835 nec
1141 1802 1181 1835 sit
1211 1802 1296 1846 apud
1334 1813 1428 1835 aures
1462 1802 1668 1846 imperatoris
1699 1802 1788 1835 cbri-

1047 1855 1165 1888 stiani³
1182 1855 1274 1899 pigra
1298 1855 1483 1898 suggesti03
1512 1855 1587 1899 quia
1612 1856 1697 1889 salus
1723 1856 1791 1889 eius

1048 1913 1079 1941 et
1102 1908 1194 1951 regni
1216 1908 1316 1952 ipsius
1341 1909 1484 1942 Christus
1509 1914 1556 1942 est
1580 1909 1747 1942 fortitudo.

1091 1962 1175 2005 Ergo
1189 1973 1261 1996 cum
1276 1962 1451 2006 praedictis
1464 1962 1660 2007 presbyteris
1673 1973 1709 1995 ac
1722 1973 1792 1995 mo-

1048 2016 1159 2049 nacbis
1179 2022 1362 2060 opportune
1382 2016 1492 2060 pietati
1505 2016 1572 2050 eius
1586 2022 1697 2050 nostro
1711 2027 1791 2060 quo-

1048 2081 1110 2114 que
1122 2071 1254 2104 nomine
1268 2071 1426 2114 supplica,
1448 2076 1479 2104 et
1499 2070 1693 2113 legationem
1708 2070 1791 2103 banc

1048 2134 1107 2168 pro
1127 2123 1220 2157 nobis
1241 2134 1372 2168 quoque
1393 2123 1584 2157 clementiae
1610 2123 1722 2167 ipsius,
1750 2134 1791 2157 nc

1048 2178 1125 2222 quid
1146 2178 1340 2222 subrepatur
1357 2178 1378 2219 ⁴,
1403 2178 1538 2211 insinua:
1563 2177 1707 2211 omnium
1729 2188 1788 2221 pa-

1048 2232 1128 2266 riter
1148 2231 1298 2276 precibus
1320 2231 1510 2272 instruatur,
1538 2241 1578 2264 nc
1605 2242 1664 2275 per
1689 2241 1788 2264 occu-

1047 2358 1130 2385 renda
1146 2367 1174 2386 se
1190 2358 1294 2385 misisse
1309 2358 1404 2389 innuit,
1420 2366 1455 2384 ne
1470 2358 1569 2393 aliqua
1584 2358 1708 2392 forsitan
1723 2358 1792 2392 fidei

1047 2401 1228 2427 aemulorum
1246 2398 1351 2433 fraude
1365 2399 1554 2430 vitiarentur,
1566 2402 1591 2426 et
1603 2398 1656 2433 ipsi
1670 2406 1792 2425 neeessa-

1048 2441 1094 2468 rz'a
1110 2440 1215 2465 deesset
1230 2439 1394 2466 instructio.
1410 2438 1468 2465 Vid.
1486 2440 1498 2473 ἓ
1514 2439 1530 2465 2
1546 2438 1573 2464 b.
1592 2447 1635 2474 ep.
1652 2442 1678 2464 et
1693 2440 1709 2465 5
1729 2438 1792 2464 sub-

1048 2490 1106 2516 seq.
1127 2488 1187 2515 pag.
1204 2479 1266 2513 ⁶210,
1283 2478 1332 2506 cot,
1357 2480 1381 2505 1,

1083 2523 1100 2547 2
1115 2521 1214 2547 Ilaron.
1231 2523 1258 2546 et
1285 2518 1320 2545 al.
1344 2519 1419 2546 iuste
1433 2520 1532 2554 fuerat
1556 2522 1741 2553 seqreyatus;
1766 2523 1793 2546 at

1050 2556 1109 2584 cod.
1127 2554 1416 2582 Vat.5617nohiscu1n
1433 2554 1570 2582 cohaeret.
1588 2555 1667 2582 Forte
1682 2555 1790 2581 rectius.

1086 2596 1101 2623 3
1116 2595 1165 2622 Cit.
1182 2595 1242 2622 eod.
1264 2603 1324 2621 cum
1340 2595 1373 2621 al.
1392 2594 1457 2621 edit.
1476 2595 1669 2622 Christianos.

1085 2636 1102 2661 4
1117 2635 1158 2663 ΑΙ,
1172 2635 1236 2663 edit.
1255 2642 1315 2662 cum
1332 2634 1392 2663 eod.
1410 2634 1469 2662 cod,
1486 2635 1680 2669 subripiatur.
1697 2634 1792 2661 Mendo

1051 2670 1160 2707 quidem
1180 2678 1338 2698 amanueus.

1831 1330 1888 1350 Nera
1899 1330 1990 1355 synodus

1805 1363 1844 1377 non
1854 1356 1990 1376 remoranda

1828 1810 1922 1830 Christus*
1933 1810 1990 1834 regui

1806 1838 1863 1857 salus
1889 1840 1909 1857 ct
1933 1840 1990 1857 tuiti-

1807 1864 1864 1884 tudo.

1826 1971 1854 1991 tm
1866 1970 1942 1996 quibus
1953 1971 1991 1991 Irn-

1806 2000 1892 2023 1trt·;tt·vt·
1904 2004 1991 2018 entran-
