2244 3183
226 238 276 265 An.
293 238 323 266 C.
339 237 391 267 536

250 777 299 798 Mal·
310 776 407 800 cavendi,

223 804 284 824 bonis
295 803 406 825 inhaeren-

223 831 280 851 dum.

454 228 517 262 5⁵28

425 286 630 327 clesiasficae,
651 286 706 320 sed
726 285 822 319 etiam
843 284 962 319 saeculi
982 285 1069 327 leges
1087 284 1164 318 tales

423 351 487 374 non
506 340 694 384 suscipiunt,
717 340 773 373 sed
793 340 964 383 repellunt.
981 339 1073 372 Unde
1087 337 1164 372 scri-

423 398 514 437 ptum
536 399 599 426 est:
625 392 666 427 Os
687 392 866 436 impiorum
883 391 1013 425 devorat
1033 391 1161 435 iniqui-

425 444 553 480 lateni'.
578 446 615 479 Et
633 445 788 479 Dominus
812 456 870 489 per
893 444 1085 489 prophetam
1110 445 1161 478 lo-

423 500 545 544 quitur,
569 500 696 533 dicens:
713 500 794 534 Cum
813 503 922 532 sancto
939 503 1071 532 sanctus
1087 499 1161 539 eris,

423 558 452 586 ct
472 564 545 586 cum
572 553 641 586 viro
673 554 842 586 innocente
867 553 1056 585 innocenter
1075 563 1160 596 agyos.

425 607 505 641 Cum
529 607 625 640 electo
642 607 759 640 electus
779 608 854 648 eris,
879 610 907 639 el
927 616 999 638 cum
1015 615 1164 649 perverso

421 661 614 704 perverteris
633 659 654 693 ⁹.
682 660 719 693 Et
743 660 916 703 Apostolus
930 659 1052 703 inquit:
1082 658 1161 692 Per-

423 718 552 748 vertunt
577 724 680 747 mores
705 713 800 747 bonos
834 713 1000 757 colloquia
1030 713 1122 746 mala
1140 713 1160 746 ³.

421 767 568 808 Idcirco,
604 772 638 800 ut
668 767 730 800 iam
759 766 974 811 praelibatum
998 772 1063 807 est,
1088 766 1163 799 mali

421 831 551 865 semper
570 820 704 854 cavendi
721 821 751 862 ⁴,
775 826 803 854 et
829 820 923 854 honis
944 825 1039 864 atque
1064 820 1163 854 bene-

422 874 501 908 volis
522 880 567 908 est
582 874 829 915 inhaerendum,
852 879 887 907 ut
905 873 1088 918 periculum
1109 874 1164 907 de-

421 927 543 969 sidiae,
576 932 733 972 quantum
755 937 943 972 possumus,
968 927 1160 969 devitemus,

422 987 453 1015 et
469 992 510 1015 ne
529 981 627 1026 pestis
647 981 727 1014 haec
746 980 842 1014 latius
862 981 1054 1024 divulgetur,
1078 991 1165 1014 sevo-

421 1036 526 1077 ritate,
546 1047 609 1080 qua
622 1046 804 1080 possumus,
821 1035 1067 1076 abscindamus,
1085 1045 1164 1080 quo-

422 1089 509 1123 niam
536 1100 601 1124 non
623 1089 788 1123 temeritas
808 1088 980 1123 intervenit
996 1099 1164 1133 praesum-

459 1249 468 1275 1
489 1249 565 1276 Prov.
585 1254 641 1282 xix,
657 1247 701 1274 28.

456 1294 472 1320 2
492 1293 594 1320 Psalm.
615 1299 682 1324 xvn,
698 1292 742 1326 26,
759 1292 803 1325 ὖ27,
825 1293 898 1319 iuxta
914 1300 992 1328 quem
1013 1299 1059 1318 nn.
1081 1291 1160 1320 codd.

421 1339 491 1373 legg.
582 1338 719 1365 innocens
738 1338 805 1365 eris.
823 1338 859 1364 Et
874 1345 938 1364 cum
953 1337 1036 1364 electo

456 1384 472 1410 3
488 1383 496 1410 Ι
513 1383 636 1410 Corinth.
653 1392 697 1418 xv,
713 1383 756 1410 33.

455 1429 471 1455 A
486 1429 537 1456 cit.
560 1428 609 1455 cod
634 1428 700 1455 3791
719 1428 792 1455 mali
805 1430 873 1456 sunl
887 1435 1001 1462 semper
1015 1427 1142 1455 cavendi.

455 1472 471 1499 5
487 1472 515 1499 ln
531 1480 578 1499 nn.
595 1471 674 1500 codd.
690 1480 803 1507 semper
817 1471 903 1499 deest.

620 1579 632 1607 Ι

938 236 1092 260 ΑΡΡΕΝΠΙΧ
1118 234 1269 261 BULLARII
1295 234 1416 260 nomm

1196 283 1336 328 ptionis,
1359 283 1415 317 ubi
1441 289 1487 317 est
1507 283 1673 327 diligentia
1692 285 1831 328 pietatis.
1856 286 1936 329 Agat
1973 291 1975 293 '

1197 347 1325 381 semper
1348 337 1571 381 unusquisque
1595 342 1736 371 vestrum
1757 338 1818 372 hac
1836 339 1936 372 insor-

1198 390 1358 431 massone,
1393 390 1569 434 apostoliea
1599 390 1697 424 fultus
1732 390 1934 432 auctoritate,

1198 443 1285 477 iuxta
1309 443 1392 477 vires
1422 454 1515 484 suas;
1538 449 1569 477 ot
1589 443 1730 477 fraterna
1750 443 1934 486 dilectione,

1198 507 1235 531 ac
1254 503 1364 531 sancta
1387 497 1544 540 religione
1568 507 1676 531 mores
1693 496 1843 541 proprios
1863 507 1939 531 con-

1198 561 1338 592 servare,
1358 550 1434 584 etin
1452 550 1618 584 communi
1635 551 1826 584 alterutrum
1848 550 1939 584 adiu-

1198 615 1272 638 vare
1299 610 1329 638 ct
1354 604 1386 637 in
1414 604 1570 637 charitate
1598 614 1811 648 permanere,
1835 610 1865 638 et
1883 604 1937 638 Dei

1199 658 1355 692 voluntati
1370 657 1588 692 indesinenter
1607 658 1733 691 studeat
1753 657 1936 700 inhaerere,

1198 719 1229 745 ut
1256 712 1351 745 simul
1372 712 1540 745 laudantes
1563 711 1736 745 Dominum
1762 711 1938 746 indefessas

1199 765 1242 799 illi
1264 765 1382 809 gratias
1402 776 1530 809 semper
1550 776 1693 808 agamus.
1708 765 1784 798 Vale
1801 765 1833 798 in
1851 765 1938 799 Chri-

1198 827 1246 854 sto
1260 819 1424 853 carissime
1436 820 1592 864 semper⁵,
1608 825 1637 853 et
1652 819 1828 864 praedicta,
1841 825 1939 863 prout

1199 873 1313 908 melius
1341 872 1479 918 poteris,
1509 872 1645 907 Domino
1674 882 1768 916 opem
1798 868 1936 913 se'rente,

1198 927 1387 972 adimplere,
1411 933 1442 960 et
1462 926 1604 971 reliquos
1630 926 1744 960 fratres
1761 925 1939 970 apostolica

1197 980 1390 1014 auctoritate
1412 979 1588 1013 informare
1609 979 1751 1013 studeto.

1241 1035 1320 1068 Data
1333 1045 1364 1068 ix
1378 1034 1441 1067 kal.
1462 1033 1658 1075 Decembris,
1682 1032 1859 1067 Iustiniano
1878 1033 1902 1065 V
1914 1032 1936 1073 ⁶,

1198 1094 1227 1122 et
1250 1087 1403 1121 Belisario
1429 1087 1505 1120 viris
1530 1086 1716 1120 clarissimis
1737 1085 1935 1120 consulibus.

1232 1247 1290 1274 6111
1304 1247 1363 1274 cod.
1377 1246 1442 1274 3791
1458 1246 1534 1273 deest
1548 1245 1615 1273 cisra
1624 1254 1697 1273 num*
1714 1246 1744 1273 V.
1757 1246 1832 1273 Haec
1846 1248 1938 1273 autem

1196 1291 1345 1320 consularis
1369 1295 1434 1319 nota
1456 1291 1523 1318 falsa
1542 1295 1594 1325 est,
1617 1291 1749 1327 siquidem
1775 1291 1940 1319 Iustinianus

1195 1345 1342 1373 numquam
1358 1336 1483 1372 quintum
1499 1335 1667 1363 consulatum
1681 1335 1774 1371 gessit,
1795 1335 1939 1363 Belisarius

1196 1389 1270 1416 vero,
1287 1381 1380 1409 consul
1395 1384 1502 1408 creatus
1516 1388 1580 1407 ann.
1596 1380 1648 1407 535
1664 1388 1717 1416 quo
1731 1379 1851 1407 nondum
1867 1379 1939 1406 Petri

1195 1426 1293 1454 Sedem
1319 1425 1446 1453 Silverius
1473 1424 1651 1459 ascenderat,
1682 1424 1785 1452 nullum
1808 1424 1938 1459 collegam

1195 1471 1299 1499 habuit.
1317 1470 1376 1498 Vid.
1391 1470 1458 1506 Pag.
1473 1470 1545 1506 apud
1561 1469 1645 1498 Labi).
1664 1469 1682 1497 l.
1700 1477 1723 1496 c.

1968 237 2020 264 An.
2038 236 2068 264 C.
2083 236 2138 265 536

1993 351 2023 372 Ad
2039 351 2136 373 virtutem

1953 377 2078 399 exhortatio.
