2244 3183
229 218 280 248 An.
302 220 330 248 C.
347 220 395 248 531

266 758 365 784 Turpiter
382 758 409 778 si·

225 785 246 806 hi
262 785 409 806 contradicunt

226 812 262 838 qui
277 817 324 832 cum
340 813 410 832 racte-

224 838 253 859 ris
268 838 329 859 bonis
345 839 409 858 ctiam

225 865 286 885 tidem
304 865 342 885 Dei
362 871 409 890 gra-

225 892 268 911 liae
303 897 342 912 nnn
374 892 409 912 tri-

226 918 299 938 bunut.

241 1501 304 1523 Fides
315 1486 369 1523 enlim
380 1502 406 1523 ab

223 1529 264 1549 illis
293 1535 406 1555 numquam

223 1558 343 1582 separatur.

462 212 526 246 488

428 277 552 312 autem,
577 270 650 316 qui,
678 270 893 314 praecedente
919 268 999 307 fide,
1023 273 1166 308 caetera,

427 323 510 357 sicut
535 323 674 363 indicas,
697 322 809 356 volunt
829 321 951 363 gratiae
972 321 1131 365 deputare
1146 319 1166 361 ¹,

427 388 484 411 sua
508 376 707 420 professione
728 375 992 417 constringimus,
1015 380 1050 408 ut
1067 374 1170 407 multo

427 430 529 473 magis
549 430 636 463 dono
657 429 779 469 gratiae
805 429 901 462 etiam
927 428 1025 462 fidem
1051 438 1170 470 cogan-

428 490 478 516 tur
509 482 713 523 adscribere,
746 488 875 526 praeter
900 492 997 525 quam
1019 481 1099 514 nihil
1124 487 1169 514 est

426 536 515 576 boni,
542 535 630 579 quod
649 536 828 569 secundum
849 536 948 568 Deum
970 534 1170 578 quilibetva-

427 590 488 622 leat
506 589 647 633 operari,
674 589 757 623 sicut
782 589 896 623 beatus
923 589 1096 632 Apostolus
1114 588 1166 621 di·-

426 642 485 676 cit:
511 642 624 683 Omne,
648 642 734 686 qnod
755 653 793 675 επ
811 643 874 685 fide
893 653 960 676 non
977 646 1033 683 esc,
1050 653 1165 686 pecca-

428 701 494 729 tum
521 696 599 730 estss.
622 696 714 736 Quod
736 707 808 730 cum
830 697 873 730 ita
892 696 943 738 sit,
967 701 1023 729 aut
1042 696 1167 729 nullum

425 750 547 783 bonum
573 750 694 793 gratiae
722 750 942 794 deputabunt,
974 750 999 783 si
1022 749 1050 782 ei
1070 749 1167 782 fidem

425 802 618 837 subtrahere
643 803 840 843 moliuntur;
864 809 919 836 aut
938 803 963 836 si
992 803 1080 846 quod
1104 802 1165 835 bo-

424 866 502 889 num
528 867 597 890 esse
626 857 738 890 dicunt
762 857 801 890 dc
827 856 941 899 gratia,
962 857 1030 900 ipsa
1050 866 1165 889 neces-

424 910 509 944 sario
541 911 622 944 tides
653 911 713 944 erit
747 911 870 954 gratiae
905 910 1100 955 deputanda.
1136 909 1166 943 Si

425 964 510 998 enim
537 965 616 998 nihil
641 964 718 998 boni
750 970 797 998 est
821 965 890 998 sine
907 964 989 1005 side,
1010 964 1090 998 tides
1112 974 1168 997 au-

426 1023 489 1051 tem
512 1018 581 1063 ipsa
609 1018 717 1052 venire
737 1023 874 1061 negetur
894 1029 930 1051 cx
950 1018 1071 1061 gratia3
1093 1019 1167 1051 nul-

424 1073 503 1114 lum,
524 1073 612 1117 quod
630 1073 725 1114 absit,
752 1073 874 1106 bonum
893 1072 952 1106 erit
971 1072 1092 1115 gratiae
1110 1073 1166 1106 de-

423 1126 606 1170 putandum
618 1126 638 1159 ⁵.
656 1126 707 1159 Ait
726 1126 812 1159 enim
830 1126 965 1159 Iacobus
986 1126 1165 1169 apostolus:

424 1179 526 1214 Omne
554 1180 677 1213 donum
704 1180 839 1219 bonum,
871 1185 899 1213 et
928 1190 1020 1212 (mitte
1044 1179 1164 1213 <Ionum

418 1234 596 1277 perfectum
629 1233 801 1266 desursum
837 1238 901 1273 est,
929 1233 1122 1266 descendens
1146 1244 1165 1263 a

423 1288 525 1319 Patre
551 1287 752 1320 luminum&
774 1287 859 1320 geda
877 1293 906 1320 et
929 1287 987 1330 ipsi
1010 1288 1162 1327 fatentur,

423 1345 457 1371 ut
467 1339 558 1380 dicis,
571 1340 657 1372 dona
673 1346 800 1374 caetera
814 1340 927 1373 donari
941 1350 1000 1383 per
1013 1340 1162 1382 gratiam3

423 1392 492 1436 ipsa
513 1399 620 1426 autem
647 1393 733 1426 bona
754 1404 814 1437 per
834 1393 957 1426 tidem⁶
979 1393 1161 1427 subsistere

422 1456 486 1479 non
502 1447 673 1489 ambigunt
687 1447 848 1480 universa.
867 1448 938 1491 Ipsa
958 1458 1035 1489 ergo
1055 1457 1166 1481 neces-

422 1501 507 1534 sario
522 1500 602 1534 sides
622 1502 683 1535 erit
702 1501 825 1543 gratiae
846 1501 1043 1544 deputanda,
1067 1512 1084 1534 a
1102 1512 1165 1545 qua

422 1554 556 1596 bonum,
580 1555 667 1599 quod
688 1554 810 1597 gratiae
835 1554 992 1595 tribuunt,
1015 1565 1165 1598 separare

457 1680 469 1706 ‘l
494 1679 576 1706 Labi).
594 1679 626 1706 ad
652 1687 736 1715 marg.
760 1687 904 1715 perperam
931 1680 965 1706 ad
981 1683 1102 1706 context.
1123 1687 1164 1707 se-

422 1724 514 1750 rundo
538 1725 607 1758 loeo,
625 1725 700 1752 sicae
712 1724 834 1758 indicas,
851 1724 925 1751 bona
939 1724 1037 1751 volunt
1051 1725 1164 1758 =[Ji-aliae

422 1769 567 1803 deputare.
585 1768 701 1796 Maurin.
713 1768 745 1796 ad
761 1772 818 1796 not.
829 1769 949 1796 secundo
965 1769 1023 1795 loco
1039 1771 1162 1803 caetera,

421 1814 494 1841 sicul
513 1813 637 1847 indicas,
654 1813 728 1840 bona
743 1814 839 1841 volunt
851 1814 967 1848 mattae
978 1813 1126 1847 deputare.

458 1866 474 1893 ἰ).
488 1866 564 1894 Rom.
582 1874 639 1899 xiv,
655 1866 700 1899 2²3,
717 1866 762 1894 ubi
774 1866 851 1902 Vulg.
869 1866 943 1902 legit.
961 1867 1050 1894 Omne
1066 1871 1162 1895 antem

423 1911 498 1946 quod
513 1919 569 1937 non
591 1914 631 1939 esc
649 1918 684 1938 ex
697 1911 752 1946 fide
768 1932 820 1938 .....

457 1964 473 1991 3
497 1976 508 1989 κ
523 1964 589 1992 Cod.
607 1964 692 1992 Putat.
713 1964 755 1991 hic
774 1964 863 1991 addit:
885 1964 991 1992 etenim
1011 1973 1095 1992 omne
1115 1966 1163 1991 bo-

423 2018 493 2036 num
509 2010 617 2037 donum
633 2013 740 2038 constat
760 2018 816 2037 esse
832 2010 977 2043 divinum,
1001 2011 1074 2038 sicul
1091 2011 1164 2038 scri-

418 2056 505 2088 ptum
520 2058 574 2081 est:
591 2069 650 2084 emm
665 2063 740 2084 donum
826 2065 837 2078 1>
855 2054 938 2081 Labh.
955 2054 988 2081 ad
1005 2063 1091 2090 marg.

457 2108 474 2134 4
494 2107 584 2135 iacob.
608 2115 627 2142 t,
650 2107 694 2139 17,
715 2107 760 2135 ubi
781 2108 807 2134 in
828 2108 907 2143 Vulg.
923 2107 1051 2134 habetur:
1076 2108 1163 2135 Omne

423 2153 523 2179 (tatum
541 2153 695 2188 optimum,
712 2156 738 2180 et
754 2161 837 2179 omne
852 2153 962 2180 donum

457 2207 474 2232 5
493 2205 595 2233 Mani-iu
621 2206 645 2232 in
669 2210 735 2234 text.
754 2210 912 2242 expungunt
930 2207 988 2234 sed.
1010 2207 1079 2234 Sane
1098 2215 1161 2242 per-

423 2259 514 2286 peram
535 2250 567 2277 ad
583 2254 650 2277 orat.
669 2254 784 2278 context.

457 2305 474 2332 6
493 2304 542 2332 lid.
555 2304 591 2332 ib.
606 2305 678 2333 Luna
692 2306 746 2341 fide
762 2306 911 2335 subsistere
926 2315 983 2333 non
998 2306 1160 2341 aenbt'yttnc.

947 219 1109 244 APPENDIX
1128 217 1280 244 BULLARII
1301 216 1423 242 ROMANI

1203 275 1268 300 non
1287 270 1434 310 possunt.
1452 265 1506 299 llis
1517 264 1626 309 itaque
1643 266 1784 301 breviter
1800 267 1945 311 assigna-

1204 320 1253 360 tis,
1277 325 1390 353 contra
1411 319 1551 363 reliquas
1571 320 1734 363 Pelagiani
1747 321 1866 355 erroris
1879 321 1947 355 ine-

1202 373 1295 417 ptias,
1312 384 1392 417 quas
1405 373 1460 406 illa
1472 373 1599 406 videtur
1616 374 1752 418 epistola
1765 374 1942 416 continere,

1203 437 1299 470 quam
1321 437 1339 460 a
1358 427 1501 471 quodam
1525 427 1581 459 tibi
1602 427 1761 461 mandasti
1778 428 1945 462 sacerdote

1203 480 1443 520 transmissam,
1478 481 1742 524 respondendum
1767 491 1834 514 non
1855 481 1945 514 duxi-

1203 544 1294 575 mus;
1317 534 1394 578 quia
1414 544 1583 578 speramus
1600 535 1639 568 de
1657 534 1879 568 miSericordia
1898 535 1946 569 di-

1203 588 1287 629 vina,
1310 588 1398 631 quod
1420 588 1464 621 ita
1483 598 1542 632 per
1562 588 1777 622 ministerium
1799 595 1871 622 tuae
1883 590 1946 623 sra-

1204 641 1361 674 ternitatis
1388 646 1485 685 atque
1513 641 1695 675 doctrinam
1720 642 1753 675 in
1782 642 1942 684 omnium,

1201 705 1283 738 quos
1297 695 1468 729 dissentire
1481 695 1651 736 mandasti,
1669 695 1856 739 dignabitur
1871 706 1945 730 cor-

1201 748 1294 782 dibus
1314 748 1455 793 operari,
1478 755 1513 782 ut
1532 759 1569 782 ex
1590 749 1652 782 hoc
1673 759 1804 783 omnem
1823 749 1944 784 bonam

1201 803 1399 836 voluntatem
1413 813 1479 837 non
1493 813 1529 837 ex
1547 813 1592 844 se,
1616 803 1672 837 sed
1693 814 1730 837 ex
1750 803 1857 837 divina
1875 814 1944 838 cre-

1202 857 1279 890 dant
1298 857 1401 900 gratia
1419 857 1610 901 profiscisci,
1630 868 1704 892 cum
1729 868 1763 892 se
1784 857 1945 892 senserint

1203 911 1234 945 id
1251 911 1314 944 iam
1333 912 1413 945 velle
1434 912 1618 953 defendere,
1646 912 1735 956 quod
1754 911 1943 946 nitebantur

1201 964 1410 1009 pertinaciter
1449 965 1654 1009 impugnare.
1695 965 1856 1009 Scriptum
1896 970 1944 998 est

1201 1018 1286 1052 enim
1300 1029 1306 1051 z
1331 1018 1563 1062 Prctepcn'atttr
1578 1018 1732 1052 voluntas
1747 1030 1767 1052 α
1780 1019 1922 1053 Domino
1928 1031 1940 1061 ;

1201 1077 1231 1104 et
1251 1071 1344 1104 alibi:
1363 1071 1435 1105 Scio
1454 1072 1537 1115 quia
1555 1082 1621 1104 non
1632 1082 1765 1116 possum
1785 1082 1849 1105 esse
1868 1083 1942 1106 con-

1202 1125 1319 1165 tinens,
1350 1125 1418 1157 nisi
1443 1125 1528 1158 Deus
1548 1124 1688 1165 dederim
1708 1129 1737 1158 et
1755 1125 1812 1158 ltoc
1831 1126 1942 1170 ipsum

1200 1182 1268 1209 aral
1299 1177 1491 1220 sapientiae,
1514 1178 1597 1211 scire
1624 1178 1717 1210 cuius
1752 1182 1830 1211 esset
1862 1178 1942 1211 Ιιοι)7

1200 1230 1332 1264 donum.
1367 1231 1450 1263 Deus
1481 1236 1511 1264 te
1542 1230 1740 1264 incolumem
1766 1231 1938 1273 custodiat,

1200 1286 1299 1317 l'rater
1319 1284 1495 1318 carissime.

1242 1339 1321 1372 Data
1347 1348 1403 1372 v111
1434 1339 1587 1372 kalendas
1611 1339 1818 1380 Februarias,
1848 1340 1941 1372 Lam-

1198 1392 1294 1436 padio
1320 1397 1351 1425 et
1373 1391 1484 1425 Oreste
1507 1392 1583 1426 viris
1608 1393 1793 1426 clarissimis
1817 1403 1937 1427 consu-

1199 1447 1314 1480 libus&

1233 1563 1296 1590 Dat.
1312 1563 1355 1590 die
1370 1563 1404 1590 25
1418 1562 1547 1595 Ianuarii,
1564 1571 1608 1590 an.
1620 1563 1683 1591 530.

1201 1679 1338 1707 [litium-sa
1362 1687 1428 1714 erqo
1448 1679 1610 1707 necessaria
1628 1679 1706 1714 fides.
1730 1678 1816 1706 Locus
1831 1678 1940 1714 quidem

1198 1727 1351 1759 corruptus,
1364 1723 1410 1759 qui
1425 1723 1598 1758 Pelagianum
1613 1724 1691 1759 sapit.

1233 1769 1248 1795 7
1260 1768 1319 1796 Iloc
1329 1769 1414 1796 omitt.
1432 1777 1448 1796 a
1460 1768 1571 1796 Maurin.
1590 1772 1683 1796 contra
1694 1768 1768 1804 Vulg.
1781 1772 1858 1802 text„
1870 1777 1940 1805 quae

1197 1814 1259 1850 Sap.
1286 1821 1344 1847 vui,
1364 1814 1393 1841 21
1423 1814 1459 1841 ita
1484 1814 1624 1850 superiora
1645 1813 1725 1850 legit:
1749 1814 1783 1842 Et
1804 1817 1835 1841 ut
1859 1814 1938 1848 scivi,

1197 1860 1337 1894 qnoniam
1357 1859 1442 1888 aliter
1462 1868 1520 1886 non
1537 1866 1694 1894 possem...

1233 1905 1248 1931 8
1268 1904 1354 1935 Quum
1371 1904 1521 1932 Bonisacius
1541 1903 1726 1940 pontificatum
1746 1904 1836 1932 inierit
1850 1913 1937 1932 mens.

1196 1948 1318 1983 Octobr.‚
1338 1948 1481 1984 Lampad.‚
1497 1953 1524 1976 et
1540 1949 1630 1976 Orest.
1647 1957 1699 1982 cc.,
1716 1956 1786 1975 anno
1801 1948 1860 1975 scil.
1874 1949 1939 1981 530,

1198 1992 1307 2025 Baron.,
1323 1997 1349 2020 et
1363 1993 1498 2020 Sirmond.
1523 1992 1676 2028 corrigend.
1693 1997 1851 2020 autumant:
1873 1993 1940 2021 Post

1196 2038 1376 2065 consulatum
1396 2037 1555 2072 Lampadii
1574 2040 1600 2065 el
1617 2037 1735 2071 Orestis,
1757 2045 1856 2072 nempe
1875 2045 1937 2064 ann.

1196 2083 1258 2111 531.
1271 2082 1298 2109 ld
1315 2086 1404 2110 autem
1419 2081 1499 2118 Pugio
1511 2090 1563 2111 non
1575 2081 1686 2116 arridet,
1702 2082 1748 2118 qui
1758 2090 1854 2110 revera
1869 2082 1940 2109 hanc

1197 2127 1303 2164 epistol.
1317 2127 1406 2155 datam
1422 2127 1570 2155 arbitratur
1584 2127 1718 2163 superiori
1732 2135 1802 2155 anno
1814 2127 1847 2155 ad
1859 2127 1938 2154 tinem

1197 2177 1334 2208 vergente.
1363 2171 1475 2199 Mauriui
1504 2172 1632 2200 mendum
1659 2176 1771 2200 censent.
1797 2172 1940 2208 irrepsisse

1196 2216 1242 2243 ubi
1258 2217 1328 2244 forte
1348 2224 1396 2252 pro
1412 2216 1593 2244 Februarias
1608 2216 1737 2252 scriptum
1753 2219 1810 2244 erat
1823 2216 1940 2244 Decem-

1197 2261 1269 2293 bres,
1289 2265 1335 2288 aut
1354 2261 1541 2295 Novembres,
1563 2269 1616 2296 quo
1636 2260 1739 2297 posito,
1760 2261 1850 2288 omnia
1873 2269 1939 2288 con-

1197 2307 1315 2333 veniunt.
1337 2305 1394 2333 vid.
1413 2305 1508 2334 Baron.
1524 2305 1557 2333 ad
1573 2314 1637 2333 ann.
1654 2304 1716 2340 531,
1732 2309 1758 2333 et
1773 2306 1860 2333 Maur.
1878 2304 1895 2333 l.
1914 2314 1938 2333 c.

986 2446 1324 2491 ΓΧΞΪἎ
1339 2450 1371 2469 Ἃ

1978 217 2029 246 An.
2050 217 2078 246 c.
2093 218 2142 247 531
2187 231 2190 236 -

1976 429 2070 459 l’niitiscx
2079 430 2145 459 111191·-

1960 458 2050 476 fantium
2069 462 2110 477 resi
2121 462 2144 476 ιι-

1960 483 2040 504 scentia
2049 483 2103 504 couti
2121 483 2144 504 it.
