2244 3183
231 252 281 279 An.
298 252 328 279 C.
345 250 396 278 478

260 1059 289 1079 De
306 1057 418 1078 Timotheo

233 1092 285 1106 suae.
301 1085 345 1105 sexli
357 1084 419 1104 resti—

233 1112 364 1138 tutogratias
375 1111 418 1135 agit

262 1646 321 1667 Orat,
339 1646 361 1664 ut
381 1645 419 1665 Ec-

235 1672 314 1691 etesiae
330 1678 369 1697 {tax
385 1677 419 1692 cu-

235 1698 352 1722 stmttatur,

461 240 524 275 218

430 301 496 334 dita
516 309 574 344 pro
592 297 762 332 elementia
792 301 897 330 vestra
926 305 1036 328 earum
1062 294 1170 338 quiete

429 354 612 399 specialiter
632 351 799 391 vindicavi,
821 350 909 394 quod
927 359 983 383 vos
996 348 1171 382 divinitatis

430 407 560 447 auxilio,
578 405 710 439 deiectis
728 403 895 447 religionis
915 409 947 437 et
967 402 1057 445 regni
1071 402 1171 435 hosti-

431 462 501 501 lius,
526 459 742 493 meruerimus
766 458 886 491 habere
907 457 1054 497 victores,
1084 461 1114 489 et
1139 456 1171 488 in

432 524 496 546 uno
517 513 697 556 eodemque
710 517 880 555 proventu,
897 510 1020 544 Christo
1035 509 1067 542 in
1080 509 1172 542 nobis

432 566 552 610 ubique
572 566 730 605 vincente,
752 570 783 598 et
803 565 907 597 cultus
927 574 1021 596 verae
1040 562 1126 603 fidei,
1144 567 1173 595 et

432 625 532 653 status
550 625 597 652 est
609 624 775 663 reparatus
789 617 928 661 imperii:
947 617 1033 661 quod
1047 622 1173 649 utrum-

433 683 495 716 que
517 673 589 706 ideo
611 673 716 705 suerat
741 672 885 711 (diabolo
915 681 948 703 se
977 671 1016 703 ad
1048 676 1174 713 tempus

433 727 660 769 interserente)
693 726 874 766 turbatum,
903 730 956 764 ut,
990 723 1175 756 alterutrius

432 780 622 812 adversariis
651 779 827 823 dissipatis,
861 777 1034 822 praeconia
1062 776 1173 809 fierent

433 833 557 866 maiora
577 833 752 872 vincentis3
786 833 871 865 unde
902 837 964 864 tam
990 830 1175 874 praeclarae

434 887 572 919 fructum
586 886 712 919 virtutis
730 886 864 929 adeptus
880 895 953 918 cum
972 883 1091 917 laetitia
1107 882 1176 916 uni-

434 940 564 973 versalis
595 939 748 973 eeclesiae
782 950 869 972 nune
904 949 1033 982 quoque
1065 936 1072 954 ¹
1109 937 1176 970 sine

434 994 612 1028 cessatione
634 994 728 1034 saci0;
754 1000 858 1027 tacere
878 1003 942 1026 non
956 1003 1086 1036 possum
1103 1002 1176 1034 gra-

436 1048 493 1081 tias
514 1048 583 1081 sine
604 1048 704 1081 dubio
725 1057 895 1091 perennes,
920 1046 1007 1090 quod
1025 1046 1176 1089 antiquae

436 1112 593 1145 veraeque
607 1101 683 1135 fidei
701 1101 731 1133 in
745 1101 843 1134 fratre
858 1100 1090 1143 eteoepiseopo
1105 1109 1176 1132 meo

433 1155 601 1189 Timotheo
626 1155 875 1188 Alexandrinam
903 1153 1077 1187 Ecclesiam
1103 1154 1176 1186 red-

434 1208 569 1249 didistis,
594 1208 685 1241 euius
706 1208 745 1241 ad
767 1218 818 1240 me
835 1207 1066 1250 nuperliterae
1087 1217 1175 1239 oom-

434 1260 608 1302 meantes&
632 1262 763 1305 expulsa
783 1261 974 1305 profanitate
993 1260 1177 1304 Eutyehetis

434 1321 531 1359 atque
551 1315 695 1348 Dioscori
710 1315 949 1355 damnatorum,
965 1315 1005 1347 ad
1017 1314 1177 1357 regendos

433 1369 630 1402 orthodoxos
662 1368 745 1401 beati
781 1368 864 1401 Petri
903 1373 933 1401 et
965 1368 1177 1410 evangelistae

434 1422 529 1455 Marci
550 1422 659 1455 sedem
681 1422 783 1465 (quod
804 1427 877 1455 ante
898 1426 1101 1465 compertum
1117 1421 1176 1464 est)

433 1486 467 1508 se
487 1475 648 1519 recepisse
666 1474 945 1515 commemoravit,
962 1474 1099 1507 incitans
1119 1485 1177 1508 nos

436 1530 579 1562 volentes
595 1556 602 1569 ,
633 1535 669 1562 ut
694 1529 774 1561 haee
794 1528 862 1572 ipsa
879 1527 1007 1572 pietatis
1032 1528 1143 1561 vestris
1167 1527 1177 1542 ³

434 1582 580 1616 sensibus
599 1583 803 1615 referremus.
821 1582 859 1615 Ut
874 1592 950 1623 ergo
966 1581 1177 1625 tranquillitas

435 1637 529 1670 vestri
550 1642 705 1680 perpetua
720 1642 751 1669 et
764 1637 826 1669 lixa
846 1636 885 1669 sit
901 1636 1003 1678 regni,
1021 1636 1174 1680 quietem,

434 1701 531 1734 quam
547 1691 671 1723 eunetis
689 1691 720 1722 in
742 1695 921 1723 memorata
935 1690 1070 1723 ecelesia
1083 1700 1177 1733 prae-

434 1744 569 1784 stitistis,
593 1744 739 1788 pervigili
761 1744 963 1787 protectione
981 1744 1139 1777 custodite
1152 1743 1172 1783 ⁴,

402 1824 405 1826 .
435 1803 466 1830 et
492 1798 580 1841 quod
608 1797 736 1830 iuvante
762 1807 817 1830 vos
841 1797 977 1830 Domino
999 1807 1058 1840 pro
1084 1796 1178 1829 inno-

437 1851 578 1884 centium
611 1850 729 1884 fecistis
753 1851 856 1884 salute
880 1850 1073 1890 animarum,
1102 1850 1178 1883 reli-

437 1904 579 1947 giosiore
610 1904 716 1938 studio
745 1910 776 1937 et
807 1903 973 1947 diligentia
1008 1903 1179 1936 attentiore

437 1958 608 2001 protegite:
633 1958 708 2002 quia
729 1968 794 1991 non
815 1957 949 1991 minoris
971 1963 1018 1991 est
1042 1957 1176 1999 gloriae,

435 2012 523 2054 quod
544 2012 728 2045 condideris
752 2022 879 2045 servare
894 2039 901 2052 ,
936 2021 1033 2055 quam
1059 2021 1177 2044 conee-

436 2066 513 2098 (lere
531 2065 552 2105 ὗ;
581 2072 610 2099 et
632 2066 784 2099 omnibus
797 2066 1041 2110 estprobatum‚
1056 2070 1178 2098 tantum

436 2119 526 2153 vobis
547 2119 646 2152 divini
666 2119 782 2153 favoris
803 2119 998 2163 impensum,
1023 2123 1178 2162 quantum

474 2257 483 2282 1
507 2257 566 2282 Duo
595 2264 640 2282 nn.
664 2255 743 2282 codd.
772 2263 850 2281 nunc
871 2263 993 2290 quoque,
1015 2255 1091 2289 quod
1118 2254 1180 2281 sine

437 2301 592 2328 cessatione
613 2300 704 2334 facio,
726 2303 818 2327 tacere
844 2307 901 2326 non
921 2307 1051 2334 possum,
1069 2302 1120 2325 etc.
1143 2299 1180 2325 lta

437 2344 547 2379 quidem
567 2352 662 2371 seusus
682 2344 841 2371 restituitur.

472 2390 489 2415 ‘2
505 2389 583 2416 Forte
600 2389 760 2424 legendum:
779 2392 988 2422 commearunt,
1005 2389 1118 2423 quibus,
1135 2396 1181 2414 (212⁴

436 2434 569 2468 pulsam.

473 2480 489 2506 3
509 2479 548 2505 ΑΙ.
567 2479 686 2514 pietalis
712 2482 818 2506 iveslrae
843 2478 977 2506 sensibus>
1008 2477 1132 2510 Rectius,
1154 2480 1182 2503 ut

439 2523 553 2551 videtur.

474 2570 489 2595 li
509 2579 521 2593 α
536 2568 700 2595 Concinnius
720 2569 745 2594 in
764 2576 826 2594 mss.
845 2568 902 2594 Vat.
926 2568 1037 2595 immite
1053 2578 1076 2592 a.
1101 2568 1179 2594 (Iout.

439 2614 528 2640 (Ioust.
553 2613 569 2640 l.
588 2622 611 2639 c.

475 2658 490 2684 5
505 2657 587 2684 Mansi
602 2658 618 2684 l.
632 2666 653 2683 τ’,
671 2657 701 2683 ad
716 2665 797 2691 marg.
816 2657 944 2685 condere.
958 2656 1003 2682 tlui
1015 2656 1072 2682 iure
1084 2655 1181 2682 :ulliae-

957 245 1118 271 APPENDIX
1136 244 1287 269 BULLARII
1305 242 1423 268 ROMANI

1979 235 2028 262 Αῐι.
2045 234 2074 262 C.
2093 234 2145 262 478

1204 301 1396 335 christianae
1416 298 1566 341 religioni
1591 308 1609 330 a
1630 302 1734 331 vestra
1755 297 1874 341 pietate
1900 301 1948 330 est

1204 355 1382 389 sedulitatis
1403 353 1590 387 exhibitum.
1606 351 1643 384 Et
1656 351 1800 395 quamvis
1813 350 1844 383 in
1858 349 1947 383 omni

1205 414 1296 452 parte
1321 407 1411 450 regni
1441 406 1489 440 sui
1518 406 1687 450 profutura
1716 403 1823 437 divino
1848 403 1948 436 cultui

1207 460 1411 505 providentia
1435 465 1537 492 vestra
1557 469 1622 492 non
1645 457 1813 491 desisteret
1831 457 1841 473 ὓ
1862 456 1947 489 euris

1207 515 1345 559 publicis
1377 513 1641 557 tranquillitatem
1673 510 1827 544 eeclesiae
1856 520 1950 553 prae-

1209 569 1312 608 ferre,
1340 577 1457 611 precor
1485 572 1613 605 tamen,
1650 571 1684 598 ut
1706 564 1792 608 quod
1814 574 1872 607 per
1891 573 1949 596 nos

1209 621 1293 654 serio
1310 620 1468 664 postulat,
1498 619 1562 652 imo
1584 619 1671 663 quod
1698 617 1756 662 ipsi
1777 616 1950 661 specialius

1209 674 1429 718 supplicamus
1444 701 1451 713 ,
1479 673 1610 706 Petrum
1632 671 1868 705 Alexandrinae
1891 671 1950 704 Ec-

1210 727 1325 760 clesiae
1350 736 1567 771 pervasorem,
1597 731 1628 758 et
1648 725 1689 758 ob
1709 725 1771 758 hoe
1801 725 1871 757 iure
1896 724 1952 758 da-

1210 787 1368 821 mnatum,
1393 781 1470 825 quia
1491 779 1598 813 moliri
1619 779 1778 823 quaedam
1800 779 1902 811 latens
1919 778 1951 810 in

1210 834 1425 868 Alexandrina
1446 833 1541 878 (sicut
1561 833 1600 866 ad
1627 843 1685 866 nos
1711 832 1866 875 seriptum
1891 831 1952 874 est)

1211 887 1335 921 civitate
1356 893 1466 921 contra
1495 887 1589 927 haee,
1615 896 1697 930 quae
1721 896 1739 918 a
1766 884 1855 918 vobis
1879 891 1954 918 sunt

1211 947 1338 982 statuta,
1363 947 1576 981 memoratur,
1605 941 1645 974 ad
1670 939 1829 973 exteriora
1849 944 1954 972 trans-

1212 994 1286 1027 ferri
1307 994 1450 1038 piissima
1478 993 1714 1038 praeceptione*
1731 992 1885 1031 iubentis,
1913 1003 1953 1025 ne

1212 1048 1337 1092 aliquos
1359 1048 1503 1082 modicae
1525 1047 1599 1080 fidei
1614 1047 1714 1091 (quod
1728 1047 1833 1079 faeere
1845 1045 1954 1089 perhi-

1212 1102 1319 1144 betur)
1349 1101 1480 1142 inficiat,
1510 1107 1540 1134 et
1570 1101 1610 1134 ad
1632 1099 1851 1144 perversitatis
1878 1110 1954 1132 suae

1212 1155 1424 1188 instrumenta
1441 1155 1598 1188 traducat.
1622 1153 1729 1196 Longe
1749 1153 1812 1186 sint
1842 1153 1881 1185 ab
1907 1153 1955 1185 in-

1211 1209 1402 1242 nocentibus
1416 1208 1597 1252 pernieiosa
1611 1207 1769 1249 contagia,
1784 1211 1820 1239 ut
1831 1217 1888 1250 per
1899 1216 1955 1239 vos

1212 1262 1295 1295 intra
1316 1261 1470 1295 dominici
1492 1261 1598 1303 gregis
1618 1260 1700 1294 ovile
1718 1260 1758 1293 sit
1772 1259 1951 1300 sinceritas,

1212 1326 1308 1359 quam
1339 1315 1407 1348 sola
1437 1321 1545 1348 tenere
1570 1320 1674 1358 potest
1695 1313 1873 1358 imperialis
1898 1323 1955 1346 au-

1213 1369 1373 1402 ctoritas⁷.

1986 616 2012 637 Et
2022 616 2096 637 Petrus
2105 615 2148 636 lon-

1965 649 1990 670 ge
2005 643 2136 664 amandetur.

1446 1479 1630 1513 EPISTOLA
1650 1479 1689 1512 tx
1699 1478 1719 1511 Β.

1212 1562 1345 1601 Scribit,
1378 1562 1575 1594 Timotheum
1600 1560 1823 1594 Aleoeandriae
1838 1560 1957 1603 episco-

1255 1617 1331 1649 pum
1348 1617 1369 1639 a
1383 1617 1414 1639 se
1429 1607 1560 1639 vettium
1573 1606 1713 1649 petiisse,
1731 1605 1813 1648 quod
1837 1609 1957 1637 terrore

1253 1651 1420 1694 perculsus
1445 1651 1589 1683 Dios-cori
1616 1660 1732 1682 nomen
1757 1650 1842 1682 inter
1873 1649 1957 1682 alta-

1257 1696 1311 1728 ria
1343 1696 1528 1731 recitasset:
1553 1695 1715 1738 topicorum
1747 1698 1852 1726 (iutem
1879 1694 1957 1725 resi-

1253 1740 1414 1783 piscentia
1440 1739 1534 1771 ridde
1557 1743 1715 1772 recreatus
1732 1738 1885 1771 Acacium
1908 1748 1958 1770 ro-

1257 1789 1324 1827 μαί,
1350 1788 1385 1816 uc
1409 1784 1615 1827 imperatoris
1636 1784 1786 1816 mzz'mwn
1809 1782 1853 1816 acl
1870 1787 1958 1815 tuen-

1258 1829 1334 1861 dum
1350 1839 1461 1872 pacem
1481 1827 1658 1861 acrioribus
1674 1827 1791 1860 studiis
1801 1827 1914 1869 foveat,
1929 1830 1958 1859 ec

1254 1874 1414 1917 promptis
1428 1873 1532 1905 literis
1545 1883 1659 1906 curam
1676 1882 1769 1904 suam
1787 1871 1933 1904 sublevet.

1408 1947 1579 1982 Simplicius
1595 1947 1759 1981 Episcopus

1258 2003 1363 2031 Acacio
1384 2001 1715 2036 Constantinopolitano
1737 2000 1881 2035 Episcopo
1896 2004 1920 2027 9.

1258 2065 1399 2104 Quantos
1418 2071 1449 2098 et
1469 2075 1564 2108 quam
1585 2064 1702 2097 uberes
1728 2064 1849 2097 fruetus
1880 2073 1957 2096 con·
1972 2086 1992 2106 ὴ,
2008 2053 2156 2109 ἣξξᾞῇᾚῗξ
2206 2054 2222 2086 ἕ

1214 2119 1349 2152 stantiae
1362 2118 1416 2152 Dei
1429 2117 1462 2159 ¹⁰,
1477 2124 1505 2152 et
1522 2119 1710 2152 devotarum
1724 2117 1809 2150 circa
1828 2116 1956 2160 religio-
1972 2115 2025 2133 ⁰¹¹¹*

1215 2257 1255 2280 ret
1267 2253 1396 2280 Baronius
1405 2252 1548 2279 cumCont.
1557 2251 1646 2279 Const.
1655 2255 1682 2279 et
1693 2251 1798 2287 prohat.
1809 2251 1956 2278 eodd.Vat.

1249 2299 1265 2324 6
1283 2309 1294 2322 r<
1312 2299 1426 2325 Desistei
1444 2307 1468 2324 ³).
1485 2297 1568 2324 Codd.
1581 2296 1726 2329 Vat.3786,
1742 2296 1823 2330 5617,
1835 2299 1861 2322 et
1877 2296 1957 2322 Cont.

1215 2344 1305 2370 Const.
1322 2344 1339 2370 l.
1362 2352 1385 2369 e.
1407 2343 1444 2369 Ad
1462 2345 1578 2369 context.
1600 2342 1668 2369 forte
1689 2341 1793 2368 melius.

1251 2390 1265 2416 7
1278 2388 1334 2415 Ibat.
1346 2389 1396 2415 Illo
1406 2396 1492 2422 cous.‚
1501 2387 1672 2414 seilicetann.
1686 2387 1736 2413 478
1747 2386 1818 2413 iuxta
1829 2385 1894 2412 Jaffe
1906 2385 1923 2412 1.
1934 2394 1971 2428 ⁰·ae

1250 2434 1267 2459 8
1282 2434 1319 2459 Ex
1333 2433 1426 2459 Carasa
1435 2433 1528 2467 Epist.
1543 2432 1626 2459 Rom.
1639 2431 1748 2465 Pontis.
1762 2434 1781 2457 t.
1793 2439 1812 2463 ι,
1824 2438 1884 2466 pag.
1897 2430 1958 2457 318.

1250 2480 1266 2507 9
1281 2479 1365 2507 Codd.
1388 2479 1470 2506 Vatic.
1490 2479 1569 2512 3786,
1591 2478 1659 2505 5617
1683 2477 1785 2504 addunt
1805 2477 1860 2504 Per
1875 2485 1960 2511 quem

1197 2537 1200 2560 4
1215 2532 1312 2560 supra.
1328 2524 1408 2551 Porro
1421 2523 1447 2550 l1.
1465 2532 1508 2559 ep.
1521 2522 1678 2550 tabellarius
1689 2522 1739 2549 suit
1751 2521 1845 2548 Petrus
1857 2529 1958 2554 comes,

1198 2561 1199 2569 ¹
1217 2574 1244 2596 ut
1260 2578 1290 2596 ex
1311 2569 1369 2595 eius
1385 2571 1509 2595 contextu
1529 2567 1673 2601 colligitur-

1254 2616 1285 2641 10
1296 2614 1378 2641 Codd.
1391 2614 1449 2648 cit„
1461 2618 1486 2640 et
1502 2614 1578 2640 Cont.
1591 2613 1679 2639 Const,
1695 2612 1786 2646 tegunt
1797 2611 1959 2638 constantia

1216 2655 1294 2688 sinlei.
1319 2655 1399 2681 {lecte
1419 2653 1541 2689 quidem.

2205 695 2236 810 „ega-541»
2208 621 2232 670 ,ζ,.·.
2219 584 2223 590 =
2218 555 2222 563 ·

2236 991 2238 998 <
2209 939 2228 954 ²'
2211 810 2244 923 &²3ae!ss

2234 3005 2244 3114 1

2236 3118 2244 3183 t
