2244 3183
68 237 115 265 An.
138 237 166 263 C.
183 236 234 264 485

94 1205 250 1227 retrusum-

67 1233 141 1256 theus.
163 1235 182 1253 et
198 1234 251 1253 Aea-

66 1260 111 1280 cius
133 1265 173 1280 non
189 1265 250 1279 serus

65 1292 90 1307 ac
108 1286 220 1313 Eutyches,
231 1288 250 1306 et

66 1313 137 1334 Diusc.
147 1313 248 1334 damuati.

113 2169 188 2190 Petrus
201 2175 252 2190 non-

67 2196 107 2216 nisi
122 2201 134 2216 a
148 2195 170 2217 S.
180 2196 203 2216 Α.
215 2196 252 2216 ab·

67 2222 186 2243 solvendus.

895 237 919 261 S.
945 237 1042 262 FEth
1062 237 1097 261 111
1118 238 1168 261 PP.

265 285 395 319 veniret.
413 285 534 324 Quibus
549 286 609 319 rite
624 285 803 329 perpensis,
821 284 901 318 nihil
923 285 1010 319 aliud

265 339 343 372 mihi
361 344 530 383 supererat
546 339 732 381 gratulanti,
749 338 811 371 nisi
824 344 859 371 ut
875 335 935 378 his,
955 339 1009 382 qui

264 394 391 426 fuerant
404 392 567 433 destinati,
587 393 791 436 Apostolieae
811 391 902 425 Sedis
923 373 1028 425 com-i

266 446 376 480 munio
392 446 582 480 traderetur.
601 447 661 480 Sed
684 456 757 479 cum
778 456 837 490 pro
853 445 1011 479 catholica

265 501 329 534 tide
354 500 478 534 cautius
499 500 722 541 admonerem,
744 506 779 533 ut
800 481 1028 547 suscipientes,

265 564 336 587 eam
365 564 399 587 se
427 564 444 587 a
470 553 635 587 consortio
656 553 856 586 retraherent
877 553 1010 586 damna-

267 613 392 648 torum,
413 618 478 641 non
497 608 557 641 sibi
581 607 643 641 hoe
667 608 854 641 mandatum
877 607 1009 640 omnino

265 661 424 695 dixerunt.
456 662 524 701 Qua
551 673 660 696 rerum
679 662 861 695 diversitate
882 672 1010 706 permo-

267 720 332 747 tum
358 714 490 748 anxium
510 726 561 749 me
582 715 723 749 haesisse
743 716 911 760 profiteor,
935 725 1008 748 eum

265 767 352 801 aliud
374 768 512 809 litterae,
527 775 557 802 et
572 768 639 813 ipsa
650 779 759 802 rerum
778 768 860 802 ratio
874 769 1009 802 demon-

265 826 390 861 straret,
419 828 451 855 et
474 821 562 855 aliud
583 827 838 855 memoratorum
863 822 1009 855 contine·

265 880 314 908 ret
342 875 486 908 assertio.
515 876 700 919 Puramque
728 876 837 909 volens
862 887 935 909 cum
957 886 1006 917 eo,

265 929 320 972 qui
340 929 483 972 pontifex
505 935 632 962 creatus
649 929 813 969 asseritur,
836 928 918 962 inire
932 939 1009 962 eon-

266 981 430 1022 cordiam,
456 982 579 1024 gloriae
599 987 723 1015 vestrae
743 992 916 1025 suggerere
933 993 1009 1026 pro-

266 1036 397 1079 peravi,
426 1042 459 1069 ut
482 1035 561 1069 nihil
581 1036 723 1070 residere
743 1036 922 1080 patiamini,
946 1046 1010 1080 quo

266 1090 372 1123 denuo
393 1090 570 1134 quidquam
588 1090 691 1123 valeat
711 1089 917 1123 dissentionis
930 1089 1010 1123 obo-

266 1143 334 1176 riri.
359 1143 439 1183 Quia
466 1144 541 1176 dum
569 1154 627 1187 per
650 1144 809 1188 synodum
835 1143 1010 1177 Chalcedo-

265 1207 410 1238 nensem,
427 1208 524 1241 quam
545 1207 578 1230 se
599 1197 722 1231 dudum
736 1197 849 1230 litteris
863 1197 1011 1240 designa-

266 1251 309 1284 xit
331 1256 384 1284 tua
404 1251 574 1285 elementia
595 1251 753 1291 venerari,
777 1251 1011 1295 Eutychemat-

266 1315 329 1348 que
349 1304 537 1338 Dioscorum
556 1310 681 1338 constet
695 1315 762 1338 esse
783 1305 963 1345 damnatos,
981 1310 1012 1338 et

266 1369 378 1392 eorum
403 1364 578 1392 sectatores
609 1358 758 1402 plurimis
787 1359 916 1392 illarum
937 1370 1011 1403 par-

268 1412 347 1445 tium
368 1412 572 1446 documentis
584 1412 770 1446 Timotheus
789 1418 817 1446 et
831 1414 944 1447 Petrus
958 1424 1010 1448 cx-

268 1465 366 1499 titisse
395 1470 634 1506 monstrentur,
659 1471 756 1509 atque
786 1476 897 1499 eorum
924 1477 1011 1500 rom-

266 1519 468 1560 munionem,
492 1519 618 1552 etiamsi
645 1519 854 1568 prohibitam,
882 1526 1011 1554 secutus

266 1573 410 1613 Aeacius,
434 1583 515 1616 quos
536 1572 603 1617 ipse
618 1572 763 1617 epistolis
782 1573 848 1607 suis
864 1573 1008 1607 haereti-

266 1637 320 1660 cos
341 1626 465 1660 dixerat
485 1637 553 1659 esse
573 1627 758 1663 damnatos:
788 1627 947 1661 sententia
968 1627 1008 1660 il-

267 1680 327 1713 lius
345 1679 473 1713 concilii
494 1680 731 1713 convincuntur
754 1681 921 1724 adstringi,
936 1682 1011 1715 etin

266 1733 410 1777 ipsorum
430 1743 569 1777 poenam
591 1733 707 1767 merito
729 1734 900 1775 recidisse,
924 1746 1008 1779 quo-

266 1798 337 1820 rum
358 1788 484 1830 elegere
505 1787 723 1827 consortiuni;
743 1787 827 1821 sieut
848 1788 880 1821 in
901 1795 1008 1823 caete-

265 1841 308 1874 ris
332 1840 521 1874 haeresibus
551 1841 633 1874 sacta
656 1842 756 1875 semel
787 1843 928 1886 synodus
949 1843 1008 1876 ab·

265 1894 338 1928 iecti
359 1894 530 1928 cuiuslibet
561 1895 681 1928 erroris
706 1901 838 1929 cunctos
858 1907 1011 1940 sequaces

265 1954 501 1992 consequenter
515 1948 657 1982 involvit.
680 1949 803 1988 Quaeso
816 1950 924 1993 igitur,
942 1951 1010 1993 glo-

267 2001 453 2042 riosissime,
476 2012 536 2035 nee
556 2001 589 2035 in
609 2003 848 2037 successoribus
866 2004 1011 2038 refovere

267 2055 457 2096 iudicemur,
481 2056 569 2100 quod
591 2056 795 2090 manifestum
821 2063 868 2091 est
892 2058 924 2091 in
948 2069 1008 2092 au-

267 2109 410 2143 ctoribus
428 2109 524 2142 fuisse
545 2109 751 2150 damnatum;
768 2121 827 2143 nec
840 2111 925 2144 Petri
944 2122 1008 2155 pu-

268 2168 353 2197 tetur
372 2163 516 2206 legitima
530 2163 715 2207 provenisse
727 2164 889 2208 purgatio,
914 2176 1009 2210 quem

266 2227 333 2250 non
362 2216 539 2250 secundum
559 2227 684 2250 morem
706 2223 851 2251 veterum
871 2219 1009 2262 Aposto-

266 2270 327 2303 lica
355 2270 470 2310 Sedes,
503 2281 586 2314 quae
618 2271 744 2313 ligavit,
773 2271 917 2306 absolvit.
946 2273 1011 2306 Scit

266 2323 352 2356 enim
370 2323 544 2357 christiana
558 2334 649 2358 mens
668 2329 731 2365 tua,
748 2325 1009 2359 renerabilisim-

265 2382 412 2422 perator,
443 2377 597 2421 quoniam
618 2378 733 2411 delicta
757 2379 943 2413 mortalium
962 2391 1010 2413 se-

266 2431 409 2465 eundum
435 2432 664 2466 conscientiam
687 2432 850 2466 relaxandi
871 2444 935 2467 non
949 2434 1009 2468 nisi

266 2485 476 2519 Pontificibus
496 2485 562 2519 suis
583 2486 697 2520 ordine
725 2487 921 2531 competenti
950 2499 1006 2520 su-

266 2549 367 2582 perna
386 2539 512 2573 dederit
525 2539 720 2584 dispensatio
736 2541 936 2581 facultatem3
953 2541 1008 2585 qui

304 2656 314 2680 1
335 2653 411 2683 Rom.
432 2662 452 2690 1,
472 2663 497 2683 v.
513 2655 540 2682 8.

1690 226 1753 259 ⁶253

1044 285 1155 318 Petrus
1177 291 1295 326 tamen,
1311 285 1337 319 si
1358 295 1430 318 vere
1451 290 1600 328 receptus
1622 289 1714 324 esset,
1737 294 1790 317 ve-

1044 338 1131 370 niam
1150 338 1268 371 mereri
1287 338 1410 375 debuit,
1435 348 1500 371 non
1514 338 1685 377 honorem,
1704 337 1759 381 qui
1773 348 1791 370 a

1045 391 1205 425 damnatis
1226 397 1320 435 atque
1346 391 1517 424 haereticis
1546 391 1660 424 salsum
1687 401 1791 424 saeer-

1045 445 1123 477 dotii
1160 455 1280 478 nomen
1318 446 1477 490 accipiens
1515 445 1690 479 catholicae
1726 456 1790 479 non

1045 503 1172 541 poterat
1192 499 1351 532 Ecclesiae
1372 499 1569 543 praesidere.
1601 499 1685 532 Haec
1709 509 1787 542 ego,

1045 552 1302 585 reverentissime
1325 552 1484 596 princeps,
1506 552 1590 585 beati
1608 552 1692 585 Petri
1713 563 1791 596 qua—

1046 605 1224 649 liscumque
1242 605 1380 638 vicarius
1400 616 1466 638 non
1487 606 1678 639 auctoritate
1706 606 1788 639 velut

1045 659 1240 702 apostolicae
1261 659 1428 702 potestatis
1441 665 1629 703 extorqueo,
1653 659 1709 692 sed
1722 665 1791 692 tan—

1045 723 1141 756 quam
1171 712 1327 745 sollicitus
1351 713 1445 745 Pater
1468 712 1604 745 salutem
1629 712 1791 756 prosperi-

1044 771 1208 809 tatemque
1229 765 1472 798 clementissimi
1498 764 1568 797 Filii
1590 775 1723 798 manere
1737 776 1791 798 cu·

1044 819 1136 863 piens
1157 819 1355 859 diuturnam,
1377 818 1516 851 lideliter
1537 818 1688 862 imploro.
1711 819 1790 852 Ecce

1045 873 1286 911 desideramus,
1319 878 1481 916 optamus,
1505 871 1665 905 ambimus
1684 872 1791 905 Eccle-

1045 927 1124 959 siam
1138 925 1539 970 Constantinopolitanam‚
1556 925 1636 959 sieut
1648 936 1788 970 semper,

1046 980 1166 1013 habere
1183 990 1372 1014 connexam.
1397 980 1572 1019 Exuantur‚
1588 979 1735 1020 obsecro,
1751 979 1790 1012 ab

1046 1033 1106 1074 his,
1125 1033 1179 1077 qni
1194 1034 1296 1067 nostri
1309 1044 1374 1067 non
1384 1039 1469 1074 sunt,
1483 1039 1512 1067 et
1524 1043 1582 1067 nos
1596 1044 1726 1077 quoque
1738 1044 1791 1066 vo-

1046 1087 1153 1120 lumus
1171 1098 1238 1121 esse
1256 1087 1437 1120 nobiscum.
1454 1087 1691 1120 Postulationes
1705 1093 1792 1120 certe

1046 1141 1191 1183 gentium
1217 1141 1443 1179 barbararum,
1469 1141 1661 1174 xenerabilis
1682 1141 1788 1185 impe-

1046 1200 1144 1235 rator,
1167 1205 1227 1239 pro
1242 1195 1350 1239 quiete
1371 1195 1526 1228 mundani
1549 1194 1639 1238 regni
1659 1194 1791 1239 publice

1046 1249 1204 1292 benignus
1232 1248 1372 1282 exaudis.
1401 1248 1526 1287 Quanto
1562 1248 1789 1292 praestantius,

1046 1314 1166 1347 quaeso
1191 1309 1232 1343 te,
1259 1313 1371 1346 preces
1393 1301 1595 1346 Apostolicae
1619 1302 1709 1336 Sedis
1732 1313 1792 1346 pro

1045 1368 1210 1390 sacrarum
1242 1356 1476 1400 tranquillitate
1504 1366 1614 1389 rerum
1644 1356 1791 1399 placatus·

1046 1410 1212 1444 admittis?
1234 1410 1301 1443 Ποῦ
1323 1409 1420 1450 enim,
1444 1409 1504 1442 hor
1534 1409 1671 1453 expedit,
1704 1415 1738 1442 ut
1766 1409 1791 1442 si

1047 1471 1183 1508 utraque
1197 1465 1299 1498 Roma
1312 1474 1371 1508 pro
1386 1469 1500 1496 mutuo
1515 1463 1651 1507 pignore
1668 1474 1791 1497 nuncu-

1046 1524 1151 1562 patur,
1170 1517 1225 1550 liat
1238 1522 1376 1561 utraque
1391 1527 1456 1550 una
1470 1517 1549 1550 fides
1564 1517 1616 1550 illa
1630 1518 1791 1550 Romano-

1046 1582 1129 1611 rum,
1147 1581 1244 1615 quam
1257 1582 1314 1615 per
1325 1571 1512 1604 universum
1528 1571 1687 1604 mundum
1699 1581 1792 1614 prae-

1047 1624 1166 1658 dicari¹
1188 1625 1300 1657 beatus
1320 1625 1438 1657 Paulus
1459 1629 1595 1657 testatur
1611 1625 1788 1668 apostolus,

1046 1679 1128 1712 sicut
1139 1679 1225 1723 apud
1239 1684 1367 1712 nostros
1381 1678 1489 1711 floruit
1501 1678 1674 1711 indiscreta
1689 1679 1790 1712 maio-

1047 1743 1113 1771 res,
1137 1738 1169 1765 et
1188 1743 1271 1776 quae
1292 1742 1410 1774 genere
1421 1732 1598 1766 concordat
1611 1743 1646 1765 ac
1660 1732 1792 1765 nomine

1046 1797 1111 1820 non
1131 1787 1171 1820 sit
1191 1786 1349 1829 religione
1369 1786 1480 1827 divisa,
1504 1797 1562 1830 per
1582 1797 1679 1830 quam
1694 1787 1790 1820 etiam

1046 1840 1263 1885 discrepantia
1300 1841 1506 1885 copulantur.
1539 1841 1677 1874 Putasne
1715 1851 1766 1874 me
1781 1868 1788 1878 ,

1046 1894 1238 1928 venerabilis
1255 1895 1443 1938 imperator,
1467 1905 1533 1928 non
1551 1906 1624 1928 cum
1643 1895 1791 1939 lacrymis

1046 1948 1105 1982 ista
1124 1949 1340 1992 profundere,
1364 1954 1394 1982 et
1416 1949 1502 1982 velut
1528 1954 1729 1992 praesentem
1751 1951 1791 1982 ad

1047 2008 1119 2036 tuae
1140 2002 1267 2046 pietatis
1287 2002 1442 2045 vestigia?
1462 2003 1525 2036 Nec
1547 2003 1634 2036 enim
1652 2003 1738 2047 piget
1759 2003 1789 2036 in

1046 2056 1100 2089 tati
1133 2056 1271 2089 maxime
1300 2066 1395 2089 causa
1424 2056 1649 2100 imperialibus
1677 2057 1791 2090 officiis
1835 2083 1846 2094 .,.

1046 2110 1211 2151 inclinari,
1236 2121 1309 2143 cum
1330 2121 1362 2144 se
1383 2110 1548 2154 apostolus
1571 2110 1716 2143 omnium
1738 2111 1787 2144 sa-

1045 2170 1131 2198 ctum
1160 2163 1245 2197 dicat
1271 2174 1339 2197 csse
1368 2163 1549 2208 peripsema
1567 2163 1587 2196 ².
1612 2164 1697 2197 llaec
1718 2164 1789 2197 (liu-

1046 2218 1107 2252 tius
1132 2218 1228 2259 tacui,
1256 2228 1296 2251 nc
1317 2217 1386 2251 aliis
1407 2217 1569 2251 contraria
1589 2218 1790 2259 suggerenti—

1046 2272 1130 2305 tibus
1162 2271 1403 2304 irreverentiam
1437 2270 1517 2303 meis
1537 2270 1644 2314 potius
1675 2270 1789 2304 litteris

1045 2335 1295 2359 commoverem.
1315 2324 1434 2358 Verum
1447 2335 1533 2357 nunc
1555 2324 1704 2357 facultate
1718 2335 1789 2368 per-

1045 2386 1146 2424 cepta,
1161 2379 1298 2423 qualiter
1308 2379 1410 2421 vigeat
1422 2378 1452 2411 in
1465 2388 1538 2411 meo
1549 2378 1646 2412 eorde
1667 2384 1789 2412 restrae

1044 2433 1171 2477 pietatis
1190 2433 1322 2466 affectus
1346 2431 1495 2471 insinno,
1523 2431 1598 2476 quia
1624 2442 1789 2465 successus

1045 2486 1179 2519 traditae
1210 2485 1298 2518 robis
1329 2485 1478 2518 divinitus
1503 2484 1667 2529 potestatis
1693 2485 1788 2529 cupio

1043 2539 1274 2584 propitiatione
1295 2544 1453 2572 constare.
1472 2539 1593 2583 Neque,
1607 2538 1788 2572 venerande

1077 2656 1093 2683 2
1113 2657 1123 2683 1
1140 2655 1262 2684 Corinth.
1283 2662 1319 2691 lv,
1337 2664 1361 2683 v.
1385 2655 1427 2683 13.

1819 236 1868 261 An.
1891 236 1918 261 (j.
1939 236 1987 263 485

1833 884 1873 904 Pro
1883 884 1990 905 Romanae

1807 910 1991 937 etC·›nstantinop.

1807 937 1988 958 Sediscnncordia

1807 964 1943 984 vehementur
1970 970 1990 984 0-

1806 992 1873 1011 xoret.
