2244 3183
219 204 268 230 Λη.
291 205 320 230 G.
339 203 389 231 485

397 268 402 274 -
419 258 509 296 ptum
525 258 582 292 est,
596 262 747 296 perversa
760 256 973 295 corrmnpzmt
990 251 1008 285 ¹.
1031 252 1162 285 lllorum

421 316 494 338 vero
509 305 601 338 aliter
615 316 711 338 causa
730 304 893 338 tractanda
907 310 965 345 est,
986 315 1067 348 quos
1088 314 1164 337 con-

419 358 536 391 stiterit
549 358 661 402 poenis
672 358 834 400 gravibus,
851 364 886 390 ut
903 358 1161 399 traducerentur,

420 412 562 444 atllictos.
589 411 680 444 Circa
697 422 778 455 quos
795 411 1003 445 humaniores
1028 422 1082 445 vos
1096 422 1163 445 esse

419 464 578 501 convenit,
606 470 641 497 ut
670 465 709 497 ad
731 465 863 498 cellulas
884 465 942 497 sub
964 464 1163 498 districtione

418 517 638 560 poenitentiae
663 523 883 558 revertantur,
910 524 941 551 et
960 518 1163 551 fidelioribus

419 570 568 615 lacrymis
582 581 693 604 eorum
718 571 806 615 quod
822 571 902 615 lapsi
916 577 990 604 sunt
1003 571 1160 615 expietur,

418 625 521 658 donec
539 625 673 658 exclusis
696 625 844 666 inimicis,
869 631 899 658 et
920 626 1163 669 perversoribus

418 677 483 710 suis
503 678 660 712 catholica
680 684 837 722 purgetur
857 679 998 712 Ecclesia
1016 679 1036 712 ’·’.

233 425 310 445 Neam
320 427 403 450 quitur-

220 455 295 471 nientts
315 457 334 471 111
356 457 403 470 euni

219 478 293 498 tlt-*rint
305 477 404 498 tradunt.

648 901 830 934 EPISTULA
862 902 897 934 IX
912 906 931 934 ³.

418 1019 557 1052 Zenonis
567 1019 687 1061 pietate
700 1018 935 1059 continendam,
952 1018 990 1051 de
1002 1029 1084 1051 nova
1100 1019 1163 1053 CP.

463 1081 604 1124 episcopi
617 1081 908 1124 etectz'oneqsamtet,
932 1081 1095 1125 illumque
1107 1092 1161 1113 veu

465 1143 646 1176 hementius
669 1147 773 1186 urgyet,
802 1147 837 1176 ut
858 1143 1088 1177 Alexandrino
1103 1145 1164 1177 Pc-

465 1210 512 1238 tro
538 1206 669 1245 reiecto,
693 1206 823 1248 intem-a
848 1216 916 1249 pax
936 1205 1097 1239 Ecclesiae
1115 1216 1164 1239 rc-

464 1270 634 1302 sitiuntur.

590 1357 669 1385 Felix
683 1357 794 1386 zenoni
808 1357 992 1392 imperatori.

464 1439 580 1482 Dignas
601 1439 724 1473 referre
748 1440 813 1473 Deo
830 1445 941 1473 nostro
959 1441 1088 1483 gratias,
1112 1442 1160 1475 sa-

421 1499 512 1533 teor,
547 1503 638 1526 mens
667 1493 809 1526 humana
833 1503 899 1526 non
929 1493 1056 1535 sufficit,
1076 1496 1163 1539 quod

421 1551 541 1579 tantam
563 1546 728 1589 religionis
758 1557 870 1580 euram
891 1546 923 1579 in
947 1553 1070 1581 vestrae
1094 1549 1163 1592 pie-

420 1600 491 1634 tatis
503 1600 649 1634 sensibus
667 1601 830 1635 miseratio
853 1601 959 1635 divina
984 1603 1160 1644 constituit,

421 1660 455 1688 ut
478 1665 549 1688 cani
577 1660 607 1688 et
634 1654 790 1688 universis
818 1655 954 1697 negotiis
987 1657 1159 1700 anteponi,

420 1713 450 1741 et
477 1707 638 1741 soliditate
655 1708 854 1751 reipublicae
882 1708 1039 1742 contineri
1066 1721 1161 1753 quam

420 1760 577 1794 veraciter
591 1761 777 1802 christiano,
804 1766 866 1795 tam
886 1768 1022 1805 augusto
1042 1762 1162 1796 iudicio

419 1814 603 1855 censeretis,
627 1814 704 1858 qnia
723 1826 834 1848 revera
848 1815 1076 1860 propitiatione
1090 1827 1162 1850 coe-

420 1867 488 1901 lesti
512 1878 621 1901 rerum
644 1868 787 1901 subsistit
814 1868 1014 1902 universitas.
1039 1869 1080 1902 Ex
1099 1881 1161 1913 qua

419 1921 558 1954 mirabili
570 1921 740 1954 devotione
751 1927 874 1955 vestrae
885 1923 1075 1956 clementiae
1086 1933 1162 1967 pro-

418 1974 549 2007 cessisse
584 1984 744 2017 cognosco
784 1975 939 2019 quicquid
969 1987 1030 2020 pro
1063 1976 1160 2010 divini

418 2028 522 2061 cultus
543 2028 721 2062 reverentia
742 2028 921 2062 celebratus
947 2030 1161 2073 tranquillita-

418 2081 457 2114 tis
473 2087 598 2114 vestrae
618 2092 725 2115 sermo
747 2082 959 2126 deprompsit,
987 2089 1022 2116 ut
1041 2084 1163 2117 scilicet

418 2134 549 2168 firmare
571 2135 748 2169 catholicae
768 2135 844 2168 fidei
872 2136 1038 2180 cupientes
1059 2137 1162 2170 unita-

419 2193 500 2228 tem,
524 2188 806 2233 E'cclcsiarumque
830 2200 944 2232 pacem
965 2200 1161 2233 magnopere

419 2241 577 2282 roborari,
602 2242 697 2275 talem
725 2243 897 2276 studeretis
921 2243 1052 2287 praefici
1073 2243 1158 2277 Con-

418 2295 712 2339 stantinopolitanis
722 2296 896 2330 antistitem
910 2297 931 2338 ⁴,
948 2297 1002 2341 qni
1020 2307 1161 2341 superno

252 1597 341 1617 Zenonis
357 1603 402 1623 spc-

219 1625 275 1643 vtata
287 1624 368 1649 religio.

261 2235 310 2255 lude
327 2235 402 2260 proha·

218 2262 293 2281 nssnnt
308 2262 403 2287 episcopi

219 2288 302 2309 electio,

455 2438 464 2464 t
484 2438 494 2464 l
511 2438 630 2464 Corinth.
648 2445 691 2472 ar,
709 2447 732 2465 v.
750 2438 794 2474 33,
807 2439 852 2466 ubi
869 2439 944 2475 vulg.
961 2440 1009 2467 ait:
1026 2449 1160 2469 cor-rum-

414 2485 489 2517 punt
504 2490 598 2509 mores
612 2483 696 2509 bonos
711 2483 854 2518 colloquia
871 2485 959 2512 mala.

452 2524 468 2551 2
485 2524 559 2551 luxta
570 2525 682 2560 Pagium
698 2533 760 2552 ann,
778 2525 896 2559 incert0;
909 2528 1058 2555 secundum
1070 2531 1159 2555 autem

417 2568 483 2595 ,lail'e
499 2568 516 2595 l.
534 2577 556 2595 c.
570 2568 632 2596 data
645 2569 694 2596 suit
708 2578 772 2597 ann.
787 2570 848 2598 485.

453 2612 469 2639 3
485 2612 504 2639 E
520 2612 654 2641 Sirmondi
671 2615 741 2649 Opp.
759 2617 824 2642 tom.
841 2621 859 2650 1,
877 2623 936 2651 pag.
955 2615 1015 2644 439.

454 194 516 227 252)
953 205 1114 228 APPENDIX
1134 203 1285 229 0011111111
1302 205 1423 230 aonam

1950 196 1953 198 ’
1970 205 2020 232 An.
2042 205 2070 233 c.
2086 205 2138 235 485

1198 272 1331 295 munere
1356 269 1583 306 prosequente.
1616 270 1645 296 et
1672 274 1797 297 morum
1823 266 1936 308 probi-

1199 322 1260 349 tate
1287 317 1433 359 t'ulgeret,
1454 322 1484 350 et
1508 328 1585 361 prae
1610 318 1759 351 omnibus
1779 319 1935 353 orthodo-

1197 380 1253 403 xae
1268 370 1408 403 veritatis
1421 371 1557 414 polleret
1573 371 1698 404 affectu.
1715 373 1858 412 Mag-nam
1876 373 1935 415 igi-

1199 428 1259 463 tur,
1285 424 1411 465 egregie
1436 424 1606 467 princeps.
1631 425 1723 469 capio
1744 426 1783 458 de
1802 432 1939 470 utroque

1197 476 1363 513 lactitiam;
1377 487 1449 509 cum
1460 482 1490 509 et
1503 477 1534 509 in
1546 483 1617 509 tuae
1628 478 1939 520 serenitatisanimo,

1197 529 1279 562 sicut
1311 530 1342 562 iu
1367 530 1485 562 saeculi
1507 530 1632 572 fastigio
1653 531 1874 571 constitutum,
1898 533 1938 566 ita

1197 582 1408 625 praecipuum
1422 582 1561 616 Ecclesia
1582 583 1696 620 filium,
1721 584 1783 617 Deo
1806 586 1935 625 factore,

1196 635 1353 679 suscepit:
1374 641 1404 668 et
1421 646 1492 668 eum
1505 636 1622 679 ipsum,
1643 636 1682 670 de
1702 637 1793 670 cuius
1810 637 1940 680 pontiti-

1197 688 1246 721 cio
1272 689 1467 729 gloriamini,
1491 690 1567 722 dum
1581 690 1621 723 ad
1642 690 1725 724 beati
1750 691 1834 724 Petri
1860 701 1938 735 apo-

1196 743 1268 776 stoli
1287 743 1401 776 Sedem
1431 754 1507 777 suae
1540 744 1637 777 refert
1659 744 1821 786 dignitatis
1848 754 1940 777 exor-

1197 795 1297 836 dium,
1323 795 1394 829 iam'
1406 807 1482 829 snae
1500 797 1626 830 dedisse
1646 798 1773 840 gaudeo
1791 798 1939 831 modera-

1198 849 1466 883 tionisindicium.
1480 850 1539 884 Ubi
1549 850 1680 885 simulet
1692 851 1939 894 magnanimitas

1196 909 1300 937 vestra
1318 904 1512 947 resplendet,
1535 905 1666 948 quando
1690 904 1850 938 Ecclesiae
1864 915 1939 938 cau-

1196 966 1275 997 sam,
1299 956 1381 990 sicut
1402 956 1553 991 divinitus
1573 957 1754 991 institutum
1776 963 1833 998 est,
1856 958 1939 991 Pon-

1198 1009 1318 1043 tificum
1351 1010 1512 1044 desiderat
1543 1010 1746 1044 ordinatione
1772 1012 1934 1055 componi,

1197 1063 1296 1107 etqui
1315 1064 1345 1096 in
1370 1065 1543 1098 sacerdotii
1563 1064 1752 1108 perhibetur
1770 1071 1938 1109 provectus

1197 1116 1351 1159 officium,
1375 1124 1463 1161 optat
1477 1118 1550 1152 inde
1563 1118 1681 1158 fulciri,
1699 1119 1795 1159 unde,
1816 1118 1938 1152 Christo

1197 1171 1358 1215 cupiente,
1382 1171 1513 1215 profluit
1529 1177 1718 1205 cunctorum
1730 1172 1833 1214 gratia
1844 1172 1939 1216 plena

1197 1224 1401 1257 Pontificum.
1434 1224 1528 1258 Cuius
1557 1224 1652 1258 etiam
1682 1224 1863 1258 litterarum
1889 1236 1939 1260 me

1198 1278 1319 1311 refovet
1343 1278 1490 1319 intentio,
1514 1289 1577 1322 qua
1597 1278 1679 1312 sicut
1699 1279 1791 1312 decet
1816 1279 1939 1313 Christo

1196 1332 1324 1375 placere
1349 1332 1517 1373 nitentem,
1538 1338 1568 1365 et
1585 1342 1749 1365 summum
1771 1333 1936 1376 apostolo-

1196 1396 1267 1418 rum
1289 1385 1419 1419 beatum
1437 1387 1579 1426 Petrum,
1600 1391 1630 1419 et
1644 1391 1767 1430 petram
1781 1386 1857 1420 fidei
1871 1397 1939 1420 esse

1197 1449 1261 1472 non
1282 1438 1392 1479 tacuit,
1416 1444 1447 1472 et
1467 1439 1572 1472 eidem
1593 1439 1817 1483 mysteriorum
1836 1440 1939 1474 claves

1197 1491 1334 1525 creditas
1344 1492 1440 1525 fuisse
1452 1492 1656 1526 coelestium5
1665 1493 1841 1537 prudenter
1853 1498 1939 1526 stru-

1197 1546 1256 1585 xit,
1292 1552 1391 1590 utque
1416 1546 1586 1580 nobiscum
1610 1547 1694 1580 circa
1725 1547 1937 1581 orthodoxam

1196 1600 1293 1633 fidem
1316 1599 1569 1634 consentientem
1600 1600 1733 1634 haberet
1758 1611 1935 1640 assensum,

1197 1665 1261 1699 quo
1278 1655 1417 1698 amplius
1434 1654 1597 1687 unanimis
1621 1655 1821 1695 redderetur,
1845 1665 1939 1698 expe-

1197 1709 1254 1742 tiit.
1264 1708 1460 1743 Gratissimis
1469 1708 1567 1751 igitur
1577 1708 1832 1752 professionibus
1842 1708 1938 1742 huius

1196 1769 1227 1796 et
1250 1762 1331 1796 votis
1353 1762 1483 1806 copiosa
1500 1761 1638 1795 lectione
1656 1762 1832 1805 patefactis,
1850 1772 1934 1802 mox,

1195 1821 1230 1849 ut
1250 1815 1346 1849 etiam
1368 1815 1451 1849 filios
1470 1825 1558 1848 meos
1575 1815 1675 1848 sancti
1696 1815 1852 1859 propositi
1867 1825 1937 1849 mo-

1195 1869 1315 1902 nachos
1336 1869 1456 1913 pariter
1475 1868 1598 1901 venisse
1619 1868 1780 1913 conspexi,
1801 1868 1938 1902 difficul-
1952 1860 2136 1914 ,Θμῇᾓζὲῗὲἷζῖῗζ

1197 1928 1273 1956 tates
1291 1933 1414 1962 omnes,
1431 1933 1512 1965 quae
1526 1921 1675 1966 primitus
1695 1922 1934 1966 obstrepebant,

1195 1977 1255 2009 hac
1273 1976 1395 2010 credidi
1412 1975 1621 2020 dispositione
1639 1976 1820 2016 submotas3
1841 1981 1937 2020 atque

1195 2030 1268 2063 ideo
1288 2029 1492 2063 venientibus
1509 2029 1634 2063 clericis
1654 2039 1706 2062 eas
1720 2035 1848 2073 praeter
1859 2040 1937 2063 con-

1195 2083 1398 2117 suetudinem
1420 2083 1555 2116 sociatas
1580 2093 1647 2116 esse
1667 2093 1831 2126 personaS,
1855 2093 1938 2127 quae

1195 2137 1290 2170 Petro
1319 2137 1365 2169 vel
1394 2136 1510 2170 Acacio
1530 2147 1595 2169 non
1619 2136 1873 2170 communicasse
1893 2136 1938 2169 vi-

1196 2190 1369 2230 derentur,
1402 2196 1435 2223 ut
1461 2190 1590 2223 illorum
1614 2190 1800 2223 nominibus
1824 2200 1936 2234 seque-

1194 2243 1324 2283 stratis,
1353 2254 1411 2287 per
1436 2254 1516 2287 quos
1541 2244 1729 2277 scandalum
1751 2243 1936 2286 contigisset

1195 2296 1353 2335 Ecclesiis,
1381 2297 1506 2330 sincera
1527 2297 1678 2341 deinceps
1696 2296 1834 2330 charitas
1854 2307 1932 2340 pro-

1979 1010 2046 1031 Huius
2054 1009 2074 1030 in
2083 1010 2104 1032 S.
2115 1010 2139 1031 A.

1953 1037 2078 1058 reverentia.

1229 2439 1244 2465 4
1261 2438 1308 2465 llic
1329 2439 1463 2466 nonnullis
1479 2439 1528 2466 suit.
1548 2438 1723 2475 Euphemius,
1739 2439 1797 2466 aliis
1822 2439 1933 2466 Flavita.

1193 2483 1333 2511 Liberatus
1348 2488 1438 2511 autem
1454 2484 1586 2512 Breviarii
1605 2493 1663 2521 cap.
1679 2491 1754 2511 xrnt,
1770 2495 1781 2511 α
1798 2485 1934 2520 Moritur,

1194 2528 1289 2564 inquit,
1302 2529 1434 2564 Aeacius,
1452 2532 1478 2557 el
1493 2529 1647 2557 ordinatur
1659 2531 1722 2564 post
1737 2529 1935 2556 eumFlavitas

1190 2573 1349 2608 presbyter,
1366 2573 1417 2608 qui
1431 2573 1490 2608 suit
1506 2583 1524 2601 a
1543 2576 1642 2601 sancta
1662 2574 1765 2600 Thecla
1779 2583 1805 2599 ».

1227 2618 1244 2645 5
1263 2617 1356 2644 Matth.
1374 2624 1427 2653 xvi,
1445 2626 1469 2645 v.
1492 2619 1534 2652 18,
1553 2617 1594 2645 19.
