2244 3183
231 212 279 239 An.
301 211 329 239 C.
349 211 401 238 493

261 593 301 613 Cur
320 598 364 612 eiu<
382 598 416 612 n<-

235 626 280 640 11101]
290 625 299 639 e
309 625 376 639 sacris
387 618 416 638 111-

235 646 316 671 ptychis
340 651 416 671 expun-

235 672 332 696 frendunt.

272 1290 375 1311 Oriental.
388 1295 422 1310 an-

238 1317 326 1337 tistitum
342 1317 367 1337 de
387 1317 423 1337 Pe-

238 1345 270 1364 tro
285 1343 424 1364 Alexandrino

248 1372 361 1390 waetextus
390 1376 423 1390 re-

248 1397 297 1417 ellit.

464 201 528 236 284
950 214 1105 238 ,tPPEme
1129 213 1273 239 3111111111
1297 215 1414 240 nomm
1967 212 2017 240 An.
2037 212 2069 241 c.
2089 212 2141 241 493

432 265 478 294 ter
508 260 691 294 instructus
720 261 892 305 Postquam
921 272 996 294 vero
1017 272 1166 295 commu-

430 314 536 347 nionis
561 319 605 346 est
632 314 731 346 sactus
754 314 888 353 alienae,
910 325 974 347 non
989 314 1094 358 potuit
1109 314 1168 347 nisi

432 378 447 399 a
478 367 655 400 catholicae
676 372 707 399 et
727 367 941 411 apostolicae¹
964 378 1036 401 mox
1063 368 1166 401 socic-

433 426 494 454 tate
515 420 669 464 praecidi.
698 431 737 454 ne
751 431 809 464 per
829 431 914 459 eum,
937 421 961 454 si
983 422 1029 454 vel
1051 422 1167 465 paulu-

434 476 497 507 lum
516 484 724 514 cessaremus,
753 485 810 507 nos
831 486 961 518 quoque
988 475 1172 508 videremur

432 527 567 560 subiisse
585 527 731 570 contagia
753 527 962 571 perfidorum.
987 529 1048 562 Sed
1063 538 1173 561 revera
1189 543 1191 568 l

432 581 479 613 vel
502 580 555 613 tali
577 581 742 624 perculsus
767 591 872 624 poena
897 581 1041 625 resipuit,
1066 569 1191 614 corre-¹

433 634 572 667 ctionem
605 633 764 677 promisit,
800 634 981 667 emendavit
1005 644 1146 667 errorem
1159 636 1173 665 ‘3

433 687 492 720 Aut
515 686 569 720 ille
595 692 746 720 tractatus
768 686 869 719 lenius
896 686 1064 719 voluerat²
1085 696 1174 719 coer-

433 740 509 780 ceri,
534 740 589 784 qui
610 740 705 773 etiam
727 740 861 773 verbera
879 740 959 773 dura
970 750 1035 773 non
1049 739 1174 772 sensit‘?

434 794 502 833 Quo
523 793 555 826 in
581 804 638 826 sua
659 793 796 837 pertidia
821 798 851 826 et
878 793 1086 826 damnatione
1107 803 1175 825 1110-

434 846 570 887 110111οἶ
601 852 662 879 tam
685 846 752 879 cius
773 846 805 878 in
826 846 1041 879 ecclesiastica
1062 845 1176 880 recita-

434 902 521 935 tione
544 912 609 935 non
630 906 735 945 potest
759 911 878 934 nomen
903 900 1054 941 adscribi,
1079 910 1174 943 quam

435 960 586 989 externae
607 954 791 997 contagium
816 965 882 987 non
904 955 999 988 dehet
1024 965 1173 987 commu-

434 1008 604 1042 nicationis
624 1008 760 1041 admitti.
778 1008 979 1052 Quapropter
993 1009 1176 1041 3111110003-

435 1068 486 1096 tur
510 1062 550 1095 ab
571 1061 732 1095 haeretica
749 1061 995 1105 participatione
1020 1061 1174 1101 sincerus,

436 1126 575 1160 quorum
605 1126 638 1148 se
659 1115 712 1148 illc
733 1115 954 1149 communioni
976 1115 1175 1159 permiscuit,

438 1174 492 1202 aut
509 1180 581 1202 cum
610 1169 729 1202 eisdem
756 1179 820 1202 non
841 1174 947 1212 potest
966 1179 1031 1202 non
1052 1169 1175 1212 repelli.

438 1222 468 1256 Si
490 1228 595 1255 autem
610 1222 630 1261 ⁴,
658 1226 825 1255 susurrant
852 1221 990 1255 Orientis
1022 1221 1177 1265 episcopi,

439 1277 526 1321 quod
558 1277 598 1309 ad
631 1286 685 1309 cos
716 1276 813 1309 Sedes
834 1276 1017 1320 Apostolica
1038 1286 1102 1308 non
1123 1275 1180 1308 ista

440 1330 678 1374 conscripserit,
695 1330 786 1373 quasi
800 1330 847 1363 vel
860 1329 919 1374 ipsi
934 1330 973 1363 de
994 1329 1180 1373 recipiendo

440 1384 581 1427 legitime
608 1384 703 1417 Petro
734 1384 848 1417 Sedem
878 1383 1096 1427 Apostolicam
1117 1383 1181 1416 suis

440 1438 555 1472 litteris
575 1438 709 1471 fecerint
733 1437 916 1478 certiorem,
940 1437 987 1469 vel
1018 1437 1112 1469 liuius
1133 1447 1182 1469 re-

440 1493 597 1537 ceptionis
607 1492 791 1526 inconditae
804 1491 941 1525 uoniam
962 1492 1083 1535 pariter
1095 1502 1183 1524 com-

440 1546 539 1590 plices
568 1546 766 1586 extitissent,
798 1556 894 1589 quem
915 1545 996 1579 sicut
1020 1556 1093 1578 vere
1118 1555 1180 1578 non

441 1605 577 1643 possunt
608 1600 725 1632 doccre
757 1599 795 1631 311
832 1598 995 1631 haeretica
1026 1597 1183 1642 pravitate

442 1652 539 1685 fuisse
571 1657 765 1696 purgatum,
802 1652 844 1684 ita
877 1662 911 1685 se
944 1651 1180 1684 haereticorum

441 1706 627 1739 nullatenus
651 1710 801 1749 poterunt
828 1715 978 1738 excusare
1004 1709 1179 1738 consortes.

441 1759 532 1798 Quod
546 1760 555 1775 ⁵
579 1759 604 1791 si
625 1759 768 1792 fortassis
789 1758 1019 1797 adstruxerint,
1043 1759 1130 1802 quod
1145 1759 1183 1791 ad

442 1812 660 1857 Apostolicam
686 1812 800 1845 Sedem
823 1813 862 1845 de
883 1812 1087 1856 susceptione
1100 1812 1183 1845 Petri

442 1877 499 1910 per
524 1865 673 1899 Acacium
690 1865 795 1898 cuncti
817 1875 959 1898 consona
979 1875 1056 1898 voce
1069 1866 1079 1879 ⁴³
1098 1871 1184 1898 retu-

443 1919 549 1959 lerint,
577 1930 634 1963 per
659 1920 808 1952 cumdem
831 1919 960 1952 sibimet
980 1929 1092 1952 omnes
1114 1920 1184 1963 pari

443 1983 521 2006 voce
545 1972 554 1988 ⁷
578 1971 722 2005 sentiunt
752 1972 846 2005 fuisse
872 1972 1075 2016 rescriptum.
1100 1973 1184 2015 Apo-

443 2026 662 2060 stolicaevcro
687 2026 777 2059 Sedis
789 2026 973 2067 auctoritas,
1001 2027 1087 2069 quod
1109 2037 1185 2059 cun-

482 2134 490 2160 1
516 2132 543 2159 ln
565 2132 624 2159 cod.
643 2132 710 2159 1344
730 2132 901 2166 apostolicae
916 2131 1095 2158 desideratur.

479 2177 494 2204 2
510 2177 553 2203 Al.
573 2180 656 2209 recte,
678 2176 831 2210 utvidetur,
849 2176 881 2203 ad
897 2184 968 2203 sens.
987 2176 1118 2203 voluerit.

479 2222 496 2250 3
518 2222 558 2249 Al.
576 2222 631 2254 ed.‚
651 2226 678 2248 et
692 2221 751 2249 cod.
768 2222 827 2248 Vat.
842 2221 911 2248 «1344
927 2224 1073 2253 manente,
1089 2221 1187 2256 qtulius

445 2270 535 2294 autem
550 2274 576 2293 n.
595 2266 653 2293 cod.
672 2266 740 2294 1340
759 2266 817 2292 iure
837 2273 890 2292 11011
905 2265 1078 2301 suffragatur.

481 2312 497 2338 Δ,
519 2312 567 2338 Cit.
590 2311 649 2338 cod.
675 2312 742 2338 r1340
765 2311 832 2338 sorte
854 2319 942 2338 aman.
967 2310 1064 2337 mendo
1090 2310 1188 2337 omittit

445 2360 548 2384 autem.
561 2357 641 2384 Forte
655 2356 763 2392 legend.
776 2356 1044 2384 Susurrcmtautem
1062 2356 1187 2384 Orientis

446 2401 577 2436 episcopi,
591 2402 709 2436 (μισῶ...
728 2403 757 2427 S.
774 2401 808 2428 A.
827 2409 883 2427 11011
900 2400 957 2427 ‘ista
973 2400 1185 2435 conscripserit:

447 2445 532 2480 quasi
545 2446 587 2472 vel
604 2445 659 2480 ipsi
664 2466 716 2472 .....
722 2465 728 2478 ,
745 2446 788 2472 vel
805 2445 892 2472 huius
908 2445 1076 2479 receptionis
1092 2446 1187 2472 incon-

448 2489 526 2517 ditae
548 2498 605 2516 11011
627 2491 686 2517 iam
703 2490 819 2524 puriter
839 2489 989 2524 complices
1011 2489 1187 2522 extitissent,-

448 2542 543 2569 quem.

483 2580 500 2607 5
515 2579 599 2608 codd.
617 2580 686 2608 Vatt.
702 2580 769 2607 1340
780 2583 806 2607 et
819 2579 884 2606 1344
904 2588 963 2607 cum
980 2579 1076 2607 Veron.
1095 2580 1148 2613 Qui
1164 2580 1189 2607 si

448 2623 588 2657 fortassis.

1204 262 1262 296 ctis
1288 262 1423 296 saeculis
1448 261 1651 295 0111151131115Β
1674 261 1833 295 Ecclesiae
1851 271 1942 306 prae·
1983 275 2020 301 Ap.
2032 274 2140 296 381115311-

1204 316 1266 349 tata
1286 316 1322 349 sit
1335 316 1502 349 universae
1516 321 1547 348 et
1566 325 1726 348 canonum
1744 315 1825 348 serie
1838 320 1943 359 pater·
1958 303 2141 349 3ἶίῑὸἒοῖῧῖΞὲ

1205 379 1333 410 norum,
1351 375 1380 402 ct
1400 368 1570 413 multiplici
1591 368 1761 401 traditione
1783 368 1939 401 firmatur.
1957 360 2041 403 {5¹3⁸
2054 360 2145 382 praepo-

1205 423 1265 456 Sed
1287 424 1333 455 vel
1355 422 1460 461 hinc-⁰,
1484 427 1592 455 utrum
1614 421 1672 454 sibi
1687 421 1856 465 quisquam
1869 432 1946 455 con-

1208 481 1253 508 tra
1271 476 1428 509 Nicaenae
1455 475 1567 520 synodi
1589 474 1760 508 constituta
1781 473 1946 518 quippiam

1208 530 1311 562 valeat
1335 539 1512 573 usurpare,
1548 527 1684 570 collegio
1715 532 1819 571 potest
1852 527 1948 560 unius

1208 582 1446 615 communionis
1467 582 1603 621 ostendi,
1626 592 1690 614 non
1712 580 1876 614 mentibus
1890 590 1945 613 ex-

1209 642 1318 669 ternae
1349 635 1512 669 societatis
1543 634 1674 679 aperiri.
1700 634 1792 678 Apud
1817 634 1901 675 illos,
1924 633 1950 666 si

1209 689 1279 733 quis
1308 689 1459 730 confidit,
1483 688 1666 731 egrediatur
1686 687 1717 720 in
1745 687 1899 727 medium,
1919 692 1951 720 et

1209 743 1426 787 Apostolicam
1453 743 1567 777 Sedem
1597 743 1635 776 de
1663 740 1835 786 11113113οω
1859 746 1950 786 parte

1211 797 1352 830 revincat
1373 802 1400 829 et
1423 796 1568 830 instruat.
1585 796 1727 829 Tollatur
1741 805 1817 837 ergo
1832 805 1950 828 nomen

1210 861 1226 883 e
1250 850 1368 891 medio,
1386 850 1472 894 quod
1490 849 1704 882 Ecclesiarum
1723 847 1950 882 discretionem
2028 859 2149 889 communio

1211 904 1322 948 procul
1334 903 1517 936 acatholica
1538 901 1767 935 communione
1785 906 1948 945 operatur,
1967 887 2150 943 ἶῖἳηυξιῗιωῖῗὲὲῗ

1211 962 1245 990 ut
1265 956 1391 990 sincera
1408 966 1469 1000 pax
1489 955 1563 989 fidei
1585 954 1890 998 communionisque
1903 964 1952 987 re—
1966 946 2038 961 ’ΝΜ

1212 1016 1344 1055 paretur
1369 1015 1399 1043 et
1419 1010 1541 1050 unitasj,
1565 1014 1595 1043 et
1616 1014 1692 1043 tunc
1713 1008 1784 1052 quis
1806 1013 1952 1042 nostrum

1213 1070 1324 1098 contra
1349 1064 1567 1097 venerandam
1592 1064 1641 1096 vel
1663 1062 1882 1103 insurrexerit,
1905 1062 1953 1096 vel

1214 1119 1334 1151 nitatur
1359 1118 1526 1160 insurgere
1552 1122 1741 1150 vetustatem
1769 1120 1955 1160 competen-

1216 1178 1303 1205 teret
1327 1171 1469 1213 legitime
1488 1171 1705 1215 perquiratur.
1725 1170 1763 1203 Et
1779 1169 1845 1202 illic
1857 1179 1955 1213 appa-

1215 1226 1308 1265 rebit,
1341 1225 1412 1269 quis
1441 1225 1586 1258 modesto
1606 1223 1773 1268 proposito
1798 1222 1957 1256 custodiat

1216 1280 1351 1312 l'ormam
1374 1278 1647 1322 traditionemque
1659 1277 1836 1316 maiorum,
1854 1274 1954 1321 quis¹¹

1216 1344 1311 1377 supra
1332 1333 1411 1365 haec
1440 1331 1654 1365 irreverenter
1678 1330 1821 1363 insiliens
1844 1329 1957 1374 rapina

1217 1386 1383 1429 aequalem
1405 1395 1498 1429 posse
1519 1385 1588 1417 fieri
1610 1384 1794 1417 arbitretur.
1818 1383 1909 1422 Quod
1930 1382 1955 1416 si

1217 1440 1294 1472 mihi
1316 1439 1426 1484 populi
1452 1437 1797 1482 Constantinopolitani
1818 1447 1957 1481 persona
1998 1444 2061 1466 Falso
2082 1444 2155 1466 obiici-

1972 1473 2011 1495 tur,
2028 1471 2100 1492 Aeacii
2120 1476 2156 1491 no-

1216 1494 1420 1538 proponitur,
1431 1503 1594 1537 perquam
1606 1492 1858 1526 dicaturnomen
1867 1500 1957 1524 scan-
1972 1504 2019 1545 pun
2031 1503 2041 1518 e
2052 1498 2157 1544 Consi-agag

1217 1547 1291 1588 (lali,
1314 1547 1343 1580 id
1366 1552 1413 1580 est
1433 1546 1550 1586 Aeacii,
1574 1556 1638 1579 non
1663 1555 1756 1589 posse
1779 1529 2143 1583 1·emoveri;r'0¹¹n⁰183v¹0¹?l.²¹³⁰⁵

1218 1607 1319 1639 taceo,
1343 1600 1417 1644 quia
1439 1605 1470 1633 ct
1489 1599 1653 1632 haeretico
1678 1598 1841 1642 quondam
1855 1598 1958 1630 Mace-

1218 1655 1316 1687 donio
1346 1655 1457 1698 pulso,
1481 1658 1509 1686 ct
1535 1652 1681 1686 Nestorio
1705 1662 1810 1696 nuper
1841 1650 1955 1691 eiecto,

1218 1708 1309 1752 plebs
1318 1706 1670 1750 Constantinopolitana
1679 1705 1701 1722 ¹⁰·
1713 1704 1871 1738 catholica
1884 1715 1958 1748 per-

1220 1771 1350 1794 manere
1365 1760 1519 1802 delegerit
1545 1759 1663 1803 potius,
1681 1769 1777 1803 quam
1799 1758 1958 1791 maiorum

1219 1816 1403 1859 praesulum
1423 1815 1649 1847 damnatorum
1679 1812 1846 1846 affectione
1878 1811 1957 1845 reti-

1219 1869 1299 1901 neri.
1329 1869 1451 1904 Taceo.
1480 1867 1566 1911 quod
1593 1866 1647 1910 qui
1674 1866 1713 1899 ab
1738 1865 1858 1899 eisdem
1885 1865 1961 1910 ipsis

1220 1921 1380 1955 damnatis
1410 1920 1612 1964 praesulibus
1641 1918 1792 1964 baptizati
1821 1919 1957 1958 fuerant,

1221 1976 1250 2008 111
1266 1975 1329 2008 fide
1346 1974 1503 2007 catholica
1518 1978 1694 2013 manentes,
1714 1972 1800 2005 nulla
1814 1972 1877 2005 sint
1890 1982 1961 2005 exa-

1220 2028 1375 2071 gitatione
1396 2026 1524 2061 turbati.
1553 2028 1664 2067 Taceo,
1682 2026 1769 2070 quod
1787 2036 1845 2070 pro
1866 2025 1961 2059 rebus

1255 2136 1271 2163 6
1291 2135 1420 2162 llarduin.
1445 2143 1509 2162 sane
1535 2133 1632 2161 mendo
1652 2132 1811 2169 typograph.
1837 2141 1962 2160 consona

1221 2181 1288 2208 vice.

1256 2225 1269 2251 7
1287 2224 1350 2251 Cod.
1373 2224 1430 2251 Vat.
1454 2223 1533 2251 1344.
1556 2223 1627 2258 'pari
1648 2223 1721 2254 vz'ce3
1748 2222 1783 2248 al.
1811 2222 1879 2256 pari
1904 2222 1962 2249 vice

1219 2270 1363 2304 primatus
1383 2269 1466 2296 Sedis
1480 2268 1658 2303 Apostolicae
1671 2267 1800 2294 sentiunt
1814 2266 1902 2301 fuisse
1917 2275 1962 2295 re-

1221 2314 1369 2348 scriptum.
1398 2313 1540 2348 Pei-peram
1566 2315 1595 2338 ut
1621 2311 1735 2338 videtur.

1257 2359 1272 2385 8
1284 2357 1346 2384 Cod.
1357 2366 1383 2384 11.
1397 2357 1566 2392 1340111011ῑο
1577 2356 1685 2392 quidem
1698 2355 1761 2390 legit
1773 2358 1798 2383 et
1811 2354 1960 2382 Ecclesiae.

1255 2403 1271 2426 Ξ)
1292 2401 1355 2428 Cod.
1377 2401 1474 2428 Veron.
1492 2401 1548 2428 Sed
1568 2401 1610 2427 vel
1631 2403 1741 2428 utrum.

1260 2447 1292 2473 tu
1307 2446 1370 2473 Cod.
1388 2454 1414 2472 n.
1433 2446 1501 2472 1344>
1521 2445 1554 2471 cte
1572 2447 1701 2479 utroque.

1258 2491 1287 2516 tt
1302 2490 1367 2516 Uod.
1382 2498 1407 2516 n.
1422 2489 1490 2517 1340
1501 2497 1643 2524 perperam
1653 2487 1784 2523 quavwis
1794 2495 1884 2522 supra
1896 2488 1963 2515 haec

1225 2534 1418 2562 irreverenter
1445 2534 1574 2561 insiliens
1598 2533 1663 2568 quis
1684 2532 1790 2567 rapina
1814 2531 1964 2566 aequalem

1220 2586 1301 2613 posse
1321 2579 1385 2613 fieri
1399 2578 1571 2606 arbitretur.

1261 2623 1290 2649 12
1306 2623 1354 2650 Cit.
1372 2622 1432 2650 cod.
1448 2625 1517 2651 nota
1528 2621 1618 2658 plebs.
