2244 3183
66 211 117 237 An.
129 210 158 238 C.
179 209 230 237 534

89 485 164 511 ltaque
175 484 247 505 Ponti-

63 512 97 532 sici
106 517 161 538 quae
170 512 195 531 de
207 511 247 531 nite

63 539 163 559 eveniant
190 538 248 558 ducit

63 565 194 591 exponenda.

110 1231 248 1251 Acoemeten-

63 1257 117 1277 sium
132 1258 247 1278 monacho-

63 1289 108 1303 rum
147 1285 247 1305 haereses

63 1309 90 1330 de
116 1310 193 1331 Christi
218 1311 247 1331 in-

62 1337 187 1358 carnatione
198 1343 248 1364 ape·

881 212 906 235 S.
931 212 1068 236 IOANNES
1086 213 1109 236 11
1127 214 1176 237 PF.

263 260 398 294 cedente
412 260 652 294 contrarietate.
673 260 803 304 Itaque¹
826 271 938 294 omnes
959 274 1006 295 sa-

262 314 412 347 cerdotes
442 314 585 348 universi
617 313 789 348 Orientalis
823 320 942 347 tractus
975 321 1006 348 et

262 368 422 402 subiicere
437 375 465 402 et
479 369 573 402 unire
587 368 659 402 Sedi
673 374 796 402 vestrae
810 368 1006 401 sanctitatis‘2

262 422 520 465 properavimus
548 423 583 455 In
602 422 765 465 praesenti
783 422 793 437 ³
812 432 900 464 ergo,
923 433 1005 465 quae

264 481 428 508 commota
453 481 528 509 sunt
549 475 558 491 ⁴
584 475 748 519 <quamvis
773 475 943 508 manifesta
975 481 1006 508 ct

263 528 443 562 indubitata
459 529 468 545 ⁵
488 529 562 569 sint,
587 534 617 562 et
637 529 815 562 secundum
838 528 1002 572 Apostoli-

262 592 318 615 cae
340 588 463 615 vestrae
480 582 570 615 Sedis
591 582 772 615 doctrinam
794 582 833 615 ah
855 582 1005 615 omnihus

261 647 390 680 semper
409 637 634 671 sacerdotibus
652 637 745 670 firme
762 638 773 653 ⁶
793 637 953 670 custodita
974 643 1005 670 et

262 690 475 734 praedicata),
498 691 717 724 necessarium
738 690 887 724 duximus
908 696 943 723 ut
965 691 1004 723 ad

261 744 412 777 notitiam
437 750 561 778 vestrae
592 745 770 778 sanctitatis
802 745 1002 789 perveniant.

261 797 326 831 Nec
357 798 444 831 enim
473 799 617 843 patimur
636 799 825 843 quidquam,
850 800 937 843 quod
966 800 1006 833 ad

263 852 474 885 ecclesiarum
509 858 627 886 statum
665 853 824 896 pertinet,
860 853 1006 897 quamvis

263 906 471 939 manifestum
490 912 521 939 et
534 906 751 939 indubitatum
770 907 811 940 sit
831 908 919 950 quod
938 918 1007 940 mo-

262 966 368 1000 vetur,
399 966 434 993 ut
457 970 523 993 non
553 960 649 993 etiam
676 966 799 994 vestrae
828 960 1007 994 innotescat

262 1013 437 1054 sanctitati,
462 1013 566 1057 quae⁷
586 1019 683 1057 caput
703 1019 750 1047 est
767 1014 913 1048 omnium
932 1025 1006 1047 san-

262 1072 388 1100 ctarum
416 1067 639 1101 ecclesiarum.
675 1069 735 1102 Per
766 1068 875 1102 omnia
906 1068 1003 1109 enim,

261 1127 297 1154 ut
317 1121 438 1154 dictum
461 1127 517 1162 est,
540 1132 756 1165 properamus
769 1122 779 1138 ⁸
796 1123 955 1156 honorem
977 1128 1006 1155 et

262 1174 489 1208 auctoritatem
510 1185 653 1208 crescere
670 1182 794 1208 vestrae
819 1177 920 1210 Sedis.
945 1177 1009 1209 Ma-

263 1228 414 1262 nifestum
436 1228 534 1270 igitur
547 1228 682 1261 facimus
696 1235 819 1262 vestrae
834 1230 1004 1270 sanctitati,

263 1282 352 1326 quod
376 1281 471 1325 pauci
499 1282 633 1325 quidam
656 1282 667 1299 ⁹
698 1283 844 1316 infideles
865 1289 895 1316 et
912 1283 1007 1316 alieni

263 1334 424 1368 sanctae¹⁰
439 1336 494 1369 Dei
508 1336 686 1369 catholicae
700 1342 796 1380 atque
810 1338 1008 1381 apostolicae

263 1388 424 1422 Ecclesiae
438 1389 663 1423 contradicere
683 1390 809 1423 iudaice
821 1397 918 1434 atque
932 1401 1009 1434 apo-

263 1442 376 1476 statice
397 1443 466 1476 ausi
487 1449 561 1476 sunt
577 1441 596 1459 ¹¹
622 1443 774 1477 adversus
795 1454 842 1485 ea,
866 1455 949 1488 quae
969 1445 1008 1477 al]

264 1496 416 1529 omnihus
436 1496 659 1530 sacerdotibus
673 1497 851 1530 secundum
870 1503 1008 1531 vestram

264 1549 447 1583 doctrinam
465 1556 552 1584 recte
570 1556 721 1584 tenentur
738 1556 766 1583 ct
785 1551 1010 1593 glorificantur

263 1608 360 1647 atque
372 1604 614 1647 praedicantur,
628 1605 823 1647 denegantes
836 1606 1008 1639 Dominum

263 1663 411 1691 nostrum
436 1658 540 1691 Iesum
559 1658 720 1692 Christum
734 1658 940 1701 unigenitum
959 1659 1009 1692 Fi-

262 1710 342 1743 lium
372 1710 428 1744 Dei
449 1717 479 1744 et
502 1711 676 1744 Dominum
697 1717 844 1745 nostrum
862 1712 1010 1746 incarna-

265 1768 334 1797 tum
359 1764 398 1797 de
421 1764 537 1798 Sancto
558 1765 695 1809 Spiritu,
723 1771 754 1799 et
774 1776 811 1798 ex
828 1772 939 1800 sancta
961 1772 1008 1800 at-

301 1910 313 1935 1
339 1908 493 1943 «Ideoque
515 1918 538 1936 ».
572 1908 639 1937 Cod.
670 1909 729 1936 Vat.
764 1910 851 1944 1427,
882 1909 953 1937 sicut
982 1913 1008 1937 et

264 1952 361 1981 Baron.
378 1957 405 1981 et
419 1953 522 1981 Carasa.

299 2003 315 2030 ⁶2
381 2004 490 2032 «unire
506 2007 615 2032 vestrae
629 2004 804 2032 sanctitati»
823 2003 875 2039 leg.
892 2003 988 2031 Baron.

299 2053 316 2079 3
331 2052 394 2080 Cod.
412 2053 472 2080 Vat.
489 2053 558 2081 3833
573 2054 610 2082 Ει
625 2054 656 2081 in
671 2054 823 2089 praesenti
839 2062 905 2089 erqo
928 2055 1006 2089 haec,

264 2105 338 2132 quae
352 2100 432 2125 mota
446 2101 531 2131 sunt;
552 2099 612 2125 cod.
629 2102 718 2125 autem
736 2098 802 2125 1427
823 2098 861 2125 Ec
875 2099 905 2125 in
919 2107 1007 2133 prae-

263 2141 337 2169 senti
347 2149 414 2177 eryo
425 2151 498 2176 quae
513 2145 654 2170 commota
669 2146 745 2170 sune.
766 2142 834 2170 Sane
850 2142 876 2169 in
893 2146 1006 2177 utroque

263 2185 397 2220 particula
415 2188 441 2213 et
461 2185 592 2213 abundat.
608 2186 693 2214 Labb.
715 2186 748 2214 ad
769 2195 854 2222 marg.
871 2195 942 2222 quae
961 2188 1007 2214 hic

263 2233 404 2257 commota
425 2233 503 2258 sunt.

297 2278 315 2305 4
325 2289 335 2305 α
347 2278 410 2306 Scit.
422 2287 471 2315 per
479 2279 574 2315 quosd.
584 2278 743 2314 monachos,
754 2279 786 2307 de
796 2279 895 2315 quibus
904 2279 990 2306 intra»
998 2300 1004 2306 .

263 2327 313 2355 Cit.
335 2328 488 2355 comment.

299 2377 316 2405 5
336 2377 377 2404 «1.
394 2386 419 2405 e.
435 2378 468 2404 de
483 2377 572 2413 fide».
594 2378 703 2406 Accurs.

298 2427 314 2455 6
335 2427 418 2455 Lalib.
435 2427 469 2454 ad
484 2435 570 2463 marg.
582 2429 683 2462 ferme.
701 2427 739 2455 Ad
756 2436 812 2455 rem
830 2428 917 2455 minus
932 2432 1004 2464 apte.

298 2476 312 2503 7
335 2487 346 2502 α
364 2477 438 2509 Quia
452 2476 539 2511 ».1d.,
552 2481 579 2504 et
589 2477 649 2505 cod.
666 2477 760 2504 lustin.
777 2477 810 2504 ad
822 2486 906 2512 marg.
919 2477 1005 2504 Etiam

263 2525 341 2552 codd.
359 2534 405 2552 nn.
423 2525 503 2560 3833,
520 2530 547 2554 et
562 2527 628 2554 1427
645 2527 682 2554 ita
702 2526 772 2562 legg.
785 2542 819 2547 —
831 2526 927 2555 Baron.
941 2526 1002 2554 hal).

264 2583 348 2610 quae,
366 2576 436 2603 sicut
452 2580 478 2604 et
493 2576 597 2604 Carasa.

299 2626 314 2653 8
331 2626 397 2655 Cod.
414 2627 479 2655 lust.
492 2628 725 2663 properavimus.

1040 274 1102 306 que
1131 264 1364 306 gloriosissima
1392 274 1519 308 semper
1538 263 1669 306 Virgine
1682 262 1704 280 ¹²
1728 264 1783 297 Dei

1040 317 1197 358 genitrice
1228 317 1325 350 Maria
1357 317 1522 350 hominem
1549 319 1666 350 sactum
1686 323 1783 360 atque

1040 370 1242 407 crucifixum,
1256 382 1356 403 unum
1372 382 1440 404 esse
1454 377 1581 404 sanctae
1596 376 1627 404 ct
1641 371 1782 403 consul)-

1038 423 1196 456 stantialis
1213 424 1389 463 Trinitatis,
1407 431 1434 457 ct
1448 425 1734 463 “coadorandum
1752 429 1782 456 et

1039 477 1351 518 conglorificandmn
1366 478 1449 510 Patri
1465 484 1493 511 et
1505 478 1636 521 Spiritui
1651 478 1779 517 Sancto,

1039 530 1346 563 consubstantialem
1379 531 1463 563 Patri
1494 531 1672 563 secundum
1696 531 1779 564 divi—

1039 582 1184 620 nitatem‚
1203 590 1231 615 et
1250 584 1556 617 consubstantialem
1575 585 1668 617 nobis
1687 595 1780 618 eum-

1040 637 1112 669 dem
1129 636 1235 680 ipsum
1251 638 1429 670 secundum
1448 637 1695 678 humanitatem,
1712 649 1784 681 pas-

1039 690 1165 723 sibilem
1177 702 1283 731 carne,
1294 693 1510 736 eumdemque
1523 692 1626 735 ipsum
1638 693 1784 736 impassi-

1040 745 1136 778 bilem
1153 746 1280 779 deitate.
1301 747 1496 779 Reeusantes
1506 747 1592 780 enim
1610 747 1783 780 Dominum

1040 805 1188 832 nostrum
1224 800 1327 832 Iesum
1361 800 1543 841 Christum,
1578 800 1783 842 unigenitum

1040 853 1156 886 Filium
1181 854 1236 886 Dei
1258 859 1289 886 et
1313 854 1485 887 Dominum
1508 860 1666 894 nostrum,
1691 854 1783 887 fateri

1040 918 1141 940 unum
1174 918 1242 940 esse
1273 914 1402 941 sanctae
1437 913 1468 940 et
1503 909 1785 942 consubstantialis

1040 960 1216 1001 Trinitatis,
1244 961 1396 993 videntur
1420 962 1558 994 Nestorii
1588 963 1704 994 malam
1730 973 1782 995 se-

1041 1013 1129 1058 qui¹⁴
1156 1015 1349 1055 doctrinam,
1379 1015 1559 1048 secundum
1583 1015 1719 1057 gratiam
1738 1016 1786 1049 di-

1042 1068 1142 1101 centis
1162 1078 1262 1101 unum
1284 1068 1399 1101 Filium
1421 1068 1487 1108 Dei,
1512 1074 1540 1101 et
1560 1069 1658 1101 alium
1678 1069 1786 1102 dicen-

1044 1122 1080 1155 tis
1094 1122 1148 1155 Dei
1159 1122 1311 1162 Verbum,
1327 1128 1358 1155 et
1371 1122 1470 1155 alium
1483 1122 1656 1156 Christum.
1669 1123 1786 1157 Omnes

1041 1187 1117 1209 vero
1138 1177 1323 1209 sacerdotes
1342 1182 1472 1209 sanctae
1492 1177 1671 1210 catholicae
1689 1184 1786 1221 atque

1042 1230 1241 1273 apostolieae
1266 1230 1438 1270 Ecclesiae,
1467 1236 1498 1263 et.
1525 1231 1785 1265 reverendissimi

1042 1283 1317 1316 archimandritae
1331 1282 1352 1299 ¹⁵
1364 1289 1551 1316 sanctorum
1571 1284 1785 1318 monasterio-

1042 1347 1114 1369 rum
1128 1335 1160 1377 ⁴⁶,
1177 1343 1348 1380 sequentes
1365 1337 1567 1370 sanctitatem
1588 1344 1738 1379 vestram,
1755 1345 1784 1371 et

1043 1390 1262 1423 custodientes
1281 1396 1400 1423 statum
1422 1396 1454 1424 et
1474 1392 1631 1425 unitatem
1659 1398 1786 1426 sancta-

1043 1454 1115 1476 rum
1140 1444 1195 1477 Dei
1215 1444 1448 1485 Ecclesiarum,
1479 1456 1575 1488 quam
1602 1445 1722 1479 hahent
1746 1446 1786 1479 ab

1043 1498 1222 1541 apostolica
1233 1503 1357 1531 vestrae
1371 1498 1551 1532 sanctitatis
1566 1499 1647 1532 Sede
1661 1498 1692 1541 ¹⁷,
1704 1499 1785 1532 nihil

1043 1551 1171 1593 penitus
1184 1550 1394 1585 immutantes
1405 1553 1443 1585 dc
1456 1552 1675 1586 ecclesiastico
1689 1558 1784 1594 statu,

1043 1603 1098 1646 qui
1119 1603 1275 1637 hactenus
1293 1605 1433 1638 obtinuit
1450 1611 1546 1649 atquc
1563 1606 1698 1647 obtinet,
1722 1617 1787 1639 uno

1044 1667 1202 1691 consensu
1221 1658 1418 1692 confitentur
1439 1665 1469 1693 et
1487 1659 1671 1701 glorificant
1691 1670 1787 1704 prae-

1043 1711 1186 1745 dicantes
1206 1712 1379 1745 Dominum
1400 1719 1547 1746 nostrum
1570 1714 1674 1746 Iesum
1696 1713 1786 1747 Chri-

1077 1909 1093 1936 9
1118 1920 1129 1934 1<
1142 1910 1261 1942 Quidem
1272 1921 1298 1937 ».
1319 1909 1384 1938 Cod.
1401 1910 1460 1937 Yat.
1480 1910 1556 1937 1427.
1574 1909 1655 1938 Forte
1670 1918 1701 1938 ex
1721 1909 1786 1939 vitio

1042 1962 1201 1982 amanuens.

1076 1999 1111 2026 10
1130 1999 1173 2026 Al.
1195 2002 1310 2028 sanctae
1324 2000 1395 2034 sedi,
1418 2000 1472 2026 Dei
1486 2000 1653 2028 catholicae.

1079 2045 1107 2071 11
1131 2045 1172 2071 Al.
1193 2045 1249 2072 risi
1263 2045 1333 2072 sint.
1356 2044 1500 2080 Perperam
1520 2044 1552 2071 ad
1569 2048 1683 2072 context.

1078 2088 1110 2115 1⁶2
1131 2088 1180 2116 Cit.
1193 2089 1331 2116 cod.142·t
1350 2089 1382 2115 ad
1398 2097 1455 2116 rem
1471 2097 1628 2125 perperam:
1646 2090 1786 2117 incarna-

1042 2136 1102 2160 tum
1131 2142 1167 2160 eac
1196 2133 1312 2168 Spiritu
1340 2134 1459 2167 Sancto,
1485 2136 1511 2160 et
1533 2134 1640 2161 Sancta
1658 2133 1785 2168 olor-tosa

1046 2178 1175 2213 Virqine.

1078 2222 1110 2249 13
1126 2222 1165 2249 Id.
1188 2222 1317 2259 expungit
1336 2226 1372 2251 ee.

1078 2267 1110 2293 14
1130 2267 1168 2294 ld.
1186 2267 1218 2294 ad
1242 2268 1323 2294 locut.
1341 2275 1498 2303 perperam:
1517 2268 1626 2295 malam
1641 2270 1785 2303 sequentes

1040 2312 1219 2346 doctrinam3
1241 2316 1268 2340 et
1288 2321 1347 2339 mox
1368 2321 1427 2339 cum
1449 2312 1509 2340 cod.
1529 2313 1624 2340 lustin.
1653 2313 1782 2341 dicentes.

1078 2357 1110 2383 15
1130 2368 1142 2381 «
1159 2356 1222 2383 Scil.
1239 2357 1344 2384 Abates
1356 2368 1382 2383 ».
1404 2357 1507 2384 Comm.
1524 2357 1568 2384 cit.

1078 2403 1109 2429 16
1133 2413 1144 2425 «
1162 2403 1321 2430 Sacrorum
1349 2403 1592 2431 monasteriorum
1610 2413 1633 2429 ».
1657 2403 1706 2430 Cit.
1723 2402 1782 2430 cod.

1044 2447 1120 2474 ¹427.

1078 2493 1108 2519 17
1122 2492 1206 2519 Labi).
1223 2492 1255 2519 ad
1273 2501 1358 2528 marg.
1375 2501 1462 2528 quam
1473 2493 1578 2521 liabent
1594 2493 1632 2520 ad
1646 2493 1783 2528 apostoli-

1041 2546 1103 2565 cam
1124 2547 1147 2565 υ.
1169 2547 1190 2564 s.
1212 2538 1318 2565 sedem.

1077 2583 1109 2609 18
1125 2582 1173 2611 Cit.
1191 2583 1250 2610 cod.
1270 2583 1336 2610 1427
1358 2583 1539 2618 uniyenilum
1554 2583 1665 2611 Filium
1682 2582 1746 2616 Dei,
1758 2585 1785 2611 et

1044 2628 1175 2656 Verbum.

1815 215 1864 241 An.
1879 214 1908 241 C.
1929 213 1983 243 534

1841 809 1897 833 Quas
1911 808 1986 829 Nesto-

1799 837 1871 856 rinnae
1881 836 1984 861 impietati

1799 869 1915 888 congruere
1924 865 1985 883 autu·

1800 892 1850 911 mat.

1846 1182 1882 1202 tiis
1896 1182 1986 1202 catholi-

1801 1214 1847 1229 cam
1867 1209 1985 1229 doctrinam

1802 1238 1896 1262 opponit·

1856 1714 1923 1735 Unum
1940 1719 1986 1734 essa

1801 1741 1870 1762 losum
1882 1741 1986 1763 Christum

1043 1770 1126 1798 stum
1144 1765 1347 1809 unigenitum
1365 1766 1481 1799 Filium
1496 1771 1527 1800 et
1538 1767 1680 1800 Verbum
1697 1767 1752 1800 Dei
1766 1766 1788 1783 ¹⁸
1802 1768 1926 1790 ²1V0sbUffl
