2244 3183
199 208 248 234 Αη.
269 207 297 235 c.
314 207 364 233 193
428 197 493 231 ⁶274

399 257 468 290 tilcs
500 256 585 296 estis,
609 255 663 299 qui
685 265 749 288 non
775 254 904 299 possitis
933 254 1086 296 intelligh
1111 261 1142 288 ct

398 321 467 351 nos,
488 314 671 354 praestante
696 309 761 342 Deo
783 313 904 349 nostro,
932 318 997 341 non
1018 308 1141 352 reperi-

399 364 436 397 tis
458 364 614 396 incautos.
635 363 747 396 Nonne
774 362 877 396 missis
897 362 959 395 huc
979 373 1073 406 saepe
1091 363 1141 396 lit-

399 417 473 449 teris
503 416 686 457 indicastis,
711 427 783 449 cum
805 416 941 449 caeteris
972 416 1141 449 haereticis

398 481 451 503 vos
472 470 635 514 Eutychen
664 481 794 514 quoquc
823 471 1003 514 respuere?
1024 471 1090 504 lloc
1115 471 1139 503 si

219 532 325 568 thumum
342 538 381 562 ’φη
397 534 508 556 verum
535 529 600 563 cst,
628 529 680 556 aut
711 534 782 563 eos,
807 524 859 568 qui
882 524 1141 557 communicave-

199 558 381 624 i37{iji¹ii1'·qffmaiiii3
398 583 468 609 runt
486 577 667 621 Eutychctis
685 577 936 618 successoribus,
951 577 1073 621 pariter
1086 577 1140 610 ah-

199 613 302 637 ..auant
398 630 516 670 ‹licate;
549 636 601 663 aut
633 631 769 664 aliorum
799 641 928 675 quoque
959 631 1139 665 haeretico-

398 695 468 717 rum
502 684 742 717 successorihus
774 685 1050 718 communicantes
1085 686 1139 718 ad-

397 737 522 770 mittite.
548 738 609 771 Sed
623 738 767 778 Aeacius,
786 738 903 782 inquis,
926 739 1005 771 nihil
1028 745 1140 772 contra

397 790 506 831 tidem,
539 791 622 824 sicut
647 791 803 835 Eutyches
821 797 848 824 et
871 802 1037 825 successor
1057 792 1135 832 eius,

396 844 515 885 legitur
547 844 745 888 ubicumque
779 845 913 885 dixisse,
952 845 1044 888 quasi
1074 855 1137 878 11011

396 897 436 930 sit
461 898 613 939 deterius,
637 904 668 931 et
692 909 757 931 non
786 898 951 941 ignorasse
972 899 1136 932 veritatem

397 957 428 984 et
450 957 556 984 tamen
587 952 843 985 communicasse
871 952 1012 985 veritatis
1034 952 1140 985 inimi-

397 1005 451 1038 cis.
484 1006 515 1038 Si
544 1006 640 1046 enim,
669 1017 741 1039 cum
763 1006 878 1050 aliquis
904 1012 991 1040 recte
1011 1007 1139 1051 sapiens

396 1060 435 1093 de
455 1059 519 1093 fide
537 1060 694 1094 catholica
716 1060 932 1093 communicet
952 1061 1013 1094 illis
1027 1061 1137 1094 haerc-

398 1112 486 1154 ticis,
522 1113 606 1146 inter
634 1124 714 1157 quos
739 1114 946 1158 Eutychctem
973 1114 1135 1157 posuistis,

395 1166 443 1198 vel
462 1166 702 1200 successorihus
716 1177 841 1207 eorum,
865 1177 930 1200 non
951 1173 997 1200 cst
1018 1168 1063 1200 sas
1084 1178 1138 1200 eos

397 1219 479 1252 inter
497 1220 730 1253 catholicorum
753 1220 865 1253 altaria
885 1220 1072 1260 nominare,
1096 1220 1137 1253 ita

396 1283 472 1316 crgo
492 1284 532 1306 ne
546 1272 566 1314 ⁴,
590 1273 675 1307 illius
692 1273 875 1318 Eutychetis
900 1274 1138 1307 successorihus

396 1327 679 1368 communicando,
703 1327 799 1360 simili
820 1332 906 1361 sorte
927 1333 1054 1361 tenetur
1074 1328 1134 1360 ol)-

394 1381 530 1414 noxius?
557 1382 600 1414 De
629 1381 746 1414 talibus
767 1381 888 1425 quippe
909 1381 1137 1415 convenienter

394 1434 529 1467 dicitur:
558 1432 758 1468 Descendunt
782 1435 819 1467 in
843 1435 1010 1478 susm-imm.
1030 1436 1137 1468 viren-

395 1492 438 1519 tes
459 1488 490 1528 ἢ·
521 1488 575 1532 qui
597 1488 674 1521 dum
701 1488 755 1521 illa
775 1488 849 1529 vita,
873 1499 940 1532 qua
965 1489 1070 1521 iustus
1093 1489 1136 1521 ci-

392 1540 479 1581 ww,
509 1551 583 1574 vera
608 1547 704 1585 atque
729 1541 887 1575 catholica
917 1547 1073 1585 putantur
1093 1542 1137 1574 vi-

392 1604 476 1635 vere,
500 1601 633 1639 repente
654 1595 753 1628 autin
767 1605 869 1639 prona
890 1595 1065 1639 pravitatis,
1083 1600 1136 1628 aut

393 1648 424 1680 in
445 1648 624 1682 haereticae
653 1649 892 1682 communionis
918 1649 1040 1681 inferna
1059 1660 1132 1682 ver-

393 1708 472 1744 gunt
494 1703 514 1735 ⁴.
539 1702 619 1736 Ecce
651 1703 762 1746 quales
791 1702 916 1736 Christo
943 1702 1049 1735 dicitis
1067 1713 1135 1735 esse

392 1757 651 1800 praeponendos,
681 1767 752 1789 cum
775 1756 827 1789 ille
851 1767 911 1789 nee
928 1757 1050 1789 animas
1072 1767 1132 1789 no-

393 1814 457 1841 stas
470 1808 599 1842 sibimet
615 1809 816 1853 111110011111115
833 1810 997 1854 anteponi.
1019 1810 1087 1843 huo
1106 1816 1135 1843 01

394 1863 499 1897 adhuc
520 1863 684 1907 quaeritis,
705 1864 835 1908 quando
857 1864 952 1897 suerit
965 1864 1135 1897 damnatus

395 1917 545 1958 Acacius3
569 1917 660 1961 quasi
681 1928 715 1951 re
736 1928 820 1958 vcra,
838 1917 962 1951 etiamsi
977 1928 1050 1951 eum
1065 1918 1136 1950 nul-

395 1970 443 2003 lus
463 1976 536 2004 aute
557 1971 751 2011 damnasset,
772 1981 837 2004 non
858 1971 1005 2004 debuerit
1022 1971 1134 2004 ortho-

394 2024 496 2058 doxae
516 2030 547 2058 et
566 2025 761 2069 apostolicae
775 2025 1024 2066 communionis,
1045 2025 1135 2058 cuius

392 2077 632 2121 praevaricator
652 2078 754 2111 extitit
778 2083 809 2111 et
829 2078 985 2117 desertor,
1005 2078 1135 2122 partici-

393 2132 523 2176 patione
540 2132 886 2173 secludi3sieutetiam
908 2132 1054 2177 quilibet,
1079 2132 1132 2176 qui

395 2185 491 2219 suerit
504 2191 577 2219 ante
591 2185 778 2227 catholicus,
795 2186 989 2230 cuicumque
1009 2186 1133 2219 haeresi

395 2240 637 2273 communicans
665 2240 779 2273 merito
801 2239 962 2273 iudicatur
983 2250 1001 2272 a
1026 2245 1133 2273 nostra

394 2293 546 2327 societate
578 2294 807 2335 removendusj.
842 2299 896 2326 aut
917 2293 949 2326 in
974 2293 1028 2326 tali
1049 2298 1133 2326 sorte

225 1862 314 1883 Aeacius
330 1868 377 1884 eum

195 1889 379 1915 Eutychsommu·

193 1916 267 1936 nicuns
285 1917 331 1941 ipso
349 1917 378 1937 sa·

194 1945 228 1962 cto
243 1943 270 1963 ab
286 1943 377 1965 ecclesia

193 1971 312 1995 separatus.

430 2393 440 2418 1
460 2391 498 2418 ΑΙ.
518 2391 618 2427 inepte,
633 2395 663 2419 ut
686 2391 801 2425 videtur,
823 2391 856 2418 ad
872 2394 940 2418 orat.
958 2394 1074 2419 context.
1094 2392 1134 2419 ila

394 2444 460 2472 erqo
475 2445 559 2463 nec...
575 2437 670 2464 simili
684 2439 757 2464 sorte
773 2439 886 2464 tenetur
901 2436 1049 2463 obnoxius.

429 2480 445 2507 2
466 2480 562 2507 Psalm-
579 2486 631 2514 mv,
651 2480 692 2507 16.

429 2525 445 2552 3
460 2525 572 2553 Roman.
593 2533 613 2559 1,
631 2527 673 2553 17.

428 2571 446 2598 4
460 2570 510 2598 Cit.
527 2570 586 2598 cod·
601 2571 688 2598 minus
703 2571 773 2599 bene
789 2574 975 2606 mer-quatur.

429 2616 447 2642 5
460 2615 513 2644 eit.
529 2616 589 2643 cod.
602 2616 761 2652 praecipit.

679 2744 693 2757 ἱ

922 206 1082 232 ΑΡΡΕΝὈῘΧ
1101 206 1254 232 BULLARII
1274 207 1394 232 ROMANI

1949 204 1997 232 An.
2013 204 2042 232 C.
2063 205 2114 234 493

1176 256 1341 290 defunctus
1385 255 1467 289 inter
1503 254 1737 288 catholicorum
1781 252 1914 287 nomina

1176 310 1357 343 nullatenus
1389 307 1580 352 computari.
1615 307 1768 340 Miramur
1799 312 1917 349 tamen,

1175 363 1341 406 quomodo
1363 363 1422 395 ista
1442 360 1605 405 profertis,
1625 360 1687 393 hoe
1699 365 1756 400 est,
1773 365 1850 393 utet
1869 371 1917 404 sy-

1176 416 1296 449 nodum
1306 415 1601 450 Chalcedonensem
1614 424 1668 446 vos
1682 413 1843 457 suscipere
1857 423 1917 457 pro

1176 469 1238 502 side
1253 469 1409 502 catholica
1423 469 1433 483 ⁰
1449 466 1667 512 profiteamini
1681 478 1688 507 ;
1703 472 1733 500 ct
1750 476 1815 506 eos,
1836 477 1917 510 quos

1176 523 1358 563 damnavit,
1396 521 1586 555 sectantium
1609 520 1914 560 communicatores,

1176 587 1240 610 non
1265 575 1526 621 particulariter7
1546 574 1805 619 generaliterque
1822 579 1916 618 putc-

1176 630 1214 663 tis
1235 630 1329 663 fuisse
1349 630 1528 662 damnatos.
1556 628 1720 662 Ostendite
1741 638 1817 670 crgo
1835 638 1916 671 quae

1174 683 1314 727 synodus
1345 682 1374 715 111
1404 692 1598 726 unaquaque
1619 680 1743 714 haeresi
1764 691 1837 714 cum
1859 690 1912 713 er·
1946 689 2115 719 ,Etenimttssw-

1885 734 1891 739 ,
1931 721 1962 736 ris
1969 716 2060 742 synodus
2068 722 2114 737 enm

1174 736 1301 769 roribus
1314 746 1514 769 successores
1534 745 1646 768 eorum
1664 735 1713 768 his
1727 744 1912 768 commum-
1930 742 2114 790 i'ssssffr'ifflcffi'.

1174 795 1282 823 cantes
1313 790 1476 834 simulque
1507 799 1620 822 omnes
1648 799 1713 822 non
1734 788 1865 821 damnet
1886 793 1916 821 et
1930 796 2115 843 ffssssffffmmss'

1174 844 1358 888 complices.
1380 845 1489 888 Itaque
1511 843 1564 876 ille
1582 848 1685 876 vester
1698 842 1844 883 Aeacius,
1861 842 1914 886 qui
2019 838 2025 844 '

1174 898 1378 942 Eutychianis
1398 897 1592 930 1111010110158
1616 895 1796 929 detestabili
1821 906 1912 929 com-

1175 952 1327 985 munione
1339 952 1438 985 sactus
1451 956 1497 984 est
1507 950 1679 995 particeps,
1693 950 1733 982 ab
1743 950 1854 983 eadem
1867 960 1916 994 sy-

1174 1006 1259 1039 nodo
1281 1005 1348 1039 sine
1366 1004 1565 1039 dubitatione
1577 1004 1747 1037 damnatus
1759 1009 1815 1044 est,
1833 1013 1914 1047 quae

1174 1065 1204 1092 et
1216 1061 1226 1076 ⁰
1240 1059 1402 1103 Eutychen
1423 1058 1679 1102 Dioscorumque
1697 1068 1769 1091 cum
1789 1068 1914 1091 succes-

1172 1113 1300 1147 soribus
1330 1124 1462 1154 corum,
1493 1113 1607 1156 hisque
1636 1112 1913 1146 communicantes

1173 1167 1327 1211 synodico
1349 1173 1458 1200 tenore
1476 1166 1658 1210 prostravit.

1217 1221 1268 1254 Sic
1297 1231 1451 1264 sequaces
1491 1231 1621 1264 quoque
1654 1229 1766 1253 eorum
1798 1219 1909 1252 Timo·
1928 1222 2111 1270 sswffiegtffgaegg

1174 1275 1284 1308 theum
1305 1276 1499 1318 Petrumque
1519 1274 1616 1307 simili
1634 1273 1823 1307 definitione
1851 1274 1909 1307 de-
1927 1266 2111 1302 t’ssrflte'rdmuass

1173 1328 1256 1362 iecit.
1273 1328 1412 1362 Proinde
1426 1328 1450 1361 si
1464 1338 1512 1369 ea,
1533 1338 1615 1371 quae
1632 1327 1663 1360 in
1677 1328 1799 1372 synodo
1813 1326 1909 1361 Chal-

1172 1382 1346 1416 cedonensi
1377 1392 1436 1425 pro
1462 1381 1526 1415 fide
1546 1386 1578 1414 et
1602 1380 1832 1414 communione
1853 1391 1909 1414 ca-

1172 1436 1291 1469 tholica
1304 1436 1375 1478 lege
1384 1435 1587 1479 '‘'apostolica
1599 1434 1732 1468 definita
1742 1440 1827 1476 sunt,
1838 1445 1912 1468 vere

1171 1496 1322 1534 certeque
1351 1488 1529 1529 sectamini,
1557 1489 1638 1521 sicut
1662 1493 1765 1522 vestra
1783 1488 1908 1532 profes-

1169 1544 1259 1578 sione
1285 1543 1455 1588 multiplici
1484 1543 1681 1581 continetur,
1706 1548 1760 1576 aut
1779 1553 1908 1576 succes-

1169 1608 1257 1631 sores
1271 1597 1310 1630 ab
1327 1597 1380 1630 illa
1400 1597 1522 1641 synodo
1541 1597 1780 1636 damnatorum,
1798 1596 1911 1640 hisque

1170 1651 1447 1685 communicantes
1467 1650 1604 1691 abiicitc,
1632 1655 1686 1683 aut
1707 1650 1731 1683 si
1754 1650 1829 1683 istos
1849 1651 1908 1683 ad-

1170 1705 1305 1745 mittitis,
1331 1715 1378 1745 ea,
1402 1715 1484 1748 quae
1505 1704 1536 1736 in
1558 1704 1610 1736 illa
1631 1704 1753 1748 synodo
1767 1714 1826 1748 pro
1847 1703 1910 1737 fide
1952 1703 2109 1729 (3113103ϊῦῡά-

1925 1734 1966 1750 non
2003 1729 2108 1753 admittit.

1170 1763 1199 1791 et
1228 1758 1458 1791 communione
1487 1757 1645 1790 catholica
1678 1762 1705 1790 01
1733 1757 1910 1801 apostolica
1925 1756 2107 1782 q¹¹³⁸⁵⁰³⁵¹³¹¹¹¹³

1169 1817 1243 1845 sunt
1262 1817 1414 1856 peracta,
1443 1821 1507 1844 non
1528 1811 1632 1844 solum
1655 1811 1734 1843 salso
1755 1821 1810 1843 vos
1831 1810 1908 1844 reti·
1924 1788 1964 1804 non
1978 1785 2055 1804 servat.

1170 1875 1246 1898 uere
1266 1865 1477 1909 perpenditis,
1498 1865 1552 1897 sed
1573 1864 1909 1908 insuperlabefactare

1170 1919 1350 1959 conamini,
1384 1918 1466 1952 etin
1486 1918 1716 1963 Eutychianam
1750 1918 1908 1951 haeresim

1169 1972 1236 2005 siue
1255 1972 1482 2005 retractatione
1505 1971 1658 2010 reciditis
1687 1971 1868 2016 meritoque
1892 1981 1924 2014 a,

1170 2027 1335 2060 catholicis
1358 2026 1542 2071 probamini
1573 2037 1640 2060 esse
1671 2025 1807 2066 vitandi;
1835 2025 1910 2069 quia

1170 2086 1203 2113 ut
1223 2081 1317 2114 talem
1336 2080 1550 2125 pestilentiam
1572 2085 1730 2124 perpetuo
1743 2089 1909 2123 possemus

1169 2134 1316 2175 evadere,
1333 2145 1380 2175 ea,
1397 2144 1479 2178 quae
1493 2139 1604 2167 contra
1618 2133 1718 2177 ipsam
1730 2133 1769 2166 ab
1782 2143 1820 2166 ea
1833 2142 1909 2165 con-

1169 2187 1356 2230 gregatione
1376 2193 1560 2221 sanctorum
1586 2188 1715 2220 Patrum
1736 2186 1908 2220 salubriter

1169 2242 1297 2275 decreta
1317 2242 1485 2285 leguntur,
1515 2242 1697 2275 nullatenus
1730 2240 1908 2274 mutilanda

1168 2305 1232 2328 uon
1257 2296 1361 2329 solum
1392 2296 1481 2330 Sedis
1505 2295 1707 2340 Apostolicae
1731 2294 1905 2338 praesules,

1203 2393 1220 2419 6
1239 2392 1267 2419 111
1282 2393 1326 2420 011.
1348 2393 1407 2420 cod.
1425 2393 1501 2420 deest
1516 2401 1571 2428 pro
1590 2393 1644 2427 fide
1658 2392 1807 2420 catholica.

1203 2439 1218 2464 7
1235 2438 1282 2465 Ed.
1302 2447 1370 2465 rom.
1386 2446 1529 2474 perperam
1544 2446 1601 2466 non
1613 2438 1738 2472 pariter.

1203 2483 1218 2509 8
1246 2482 1296 2509 Cit.
1318 2483 1378 2510 cod.
1396 2483 1464 2510 male
1479 2484 1650 2511 haeresibus.

1202 2526 1218 2552 9
1239 2524 1306 2552 ibid.
1324 2529 1350 2554 el
1365 2526 1418 2553 nbn
1433 2525 1542 2561 legitur.

1204 2569 1237 2596 10
1251 2569 1299 2596 Cit.
1317 2570 1376 2598 cod.
1392 2570 1593 2598 communione
1613 2570 1761 2605 catholica,
1780 2570 1820 2598 vel
1841 2577 1907 2605 apo-

1167 2614 1276 2642 stolica.

2189 2639 2191 2642 ⁴
2202 2507 2203 2510 „
2192 2392 2203 2417 ’ν
2201 2358 2207 2362 ι
2203 2325 2209 2337 -

2240 2980 2244 2988 .
2228 2536 2244 2957 „ssJ--ssaae-‘fl-.....-'-.—‘...-3³—⁶-.
2230 2516 2232 2518 '
2229 2391 2244 2490 ..‘.‘:'‘..,
2231 2349 2232 2352 Α
2231 2289 2232 2328 “⁴“
2231 2256 2236 2265 ‘⁴
2231 2236 2232 2239 Α
2234 2201 2236 2207 ’
2236 2138 2244 2179 ..1.Ὶ
2235 2086 2238 2091 ·
2239 2062 2244 2072 -
2234 1968 2236 1988 *-
