2244 3183
64 245 118 272 An.
133 242 164 271 C.
181 242 231 270 449

263 290 303 324 ab
326 290 486 325 Ecclesiae
513 291 520 307 ¹
554 291 674 325 unitate
709 299 771 323 non
807 288 954 322 excidant
977 288 998 319 ².

103 359 197 393 ”etiem
211 364 247 385 ap·
262 345 362 385 Quam
386 351 492 379 autem
511 351 581 389 post
602 344 847 388 appellationem
863 343 1002 384 interpo-

64 387 247 441 Efflsslfflu'ffil'uss
263 399 355 432 sitam
368 399 429 432 hoc
446 398 624 432 necessarie
639 398 829 442 postuletur,
841 405 1001 428 canonum

262 451 397 485 Nicaeae
436 452 620 485 habitorum
661 451 790 484 decreta
826 454 999 485 testantur,

263 516 345 549 quae
369 516 386 538 a
415 506 510 539 totius
535 504 647 538 mundi
677 510 750 537 sunt
786 501 1004 536 sacerdotibus

265 558 449 599 constituta,
472 569 618 603 quaeque
640 558 750 591 subter
773 566 896 589 annexa
917 559 1000 587 sunt.

67 622 250 672 aageffssedfiffean‘i
265 611 380 645 Favete
402 611 566 645 catholicis
583 616 684 644 vestro
703 620 802 650 more,
824 613 1006 652 parentum-

67 683 107 698 nec
121 677 151 697 vis
175 674 327 708 eripietque
361 669 537 698 vestrorum
573 664 644 696 date
677 661 897 695 defendendae
933 660 1005 692 fidei

67 709 107 726 ¹¹⁰⁰
121 705 195 724 “³¹⁰⁵
265 716 574 760 libe1·tatem‚quam‚
590 716 671 748 salva
682 713 868 748 clementiae
886 719 1006 746 restrae

268 769 458 809 reverentia,
473 770 561 802 nulla
579 769 634 808 vis,
656 768 763 801 nullus
781 766 896 811 poterit
916 776 1006 798 mun-

268 823 369 857 danus
387 829 489 857 terror
505 825 640 856 auferre.
659 822 735 856 Cum
752 821 837 854 enim
848 820 1007 854 Ecclesiae

86 889 167 920 ⁴Quum
182 887 252 918 ‹tergu-
268 888 383 911 causas
399 877 421 918 ⁹,
448 882 515 910 tum
538 876 625 920 regni
651 875 744 909 vestri
765 874 889 918 agimus
910 879 940 907 et
960 884 1009 906 sa-

70 915 352 972 llcsslallfiffeeflss-'lutis
380 936 416 964 ut
441 931 678 974 provinciarum
700 934 875 961 vestrarum
899 927 1007 970 quieto

71 975 138 996 ‘⁰⁰¹⁹'
266 984 336 1019 iure
361 983 537 1029 potiamini.
566 982 730 1016 Defendite
755 987 865 1015 contra
890 981 1004 1014 haere-

269 1038 347 1072 ticos
372 1037 599 1071 inconcussum
622 1035 780 1068 Ecclesiae
812 1039 947 1073 statum,
975 1040 1006 1067 ut

268 1098 299 1125 et
323 1096 458 1125 vestrum
479 1090 593 1124 Christi
629 1090 757 1123 dextera
794 1088 984 1122 defendatur
1000 1088 1008 1104 ⁴

272 1145 452 1189 imperium.

313 1198 380 1230 Dat.
408 1196 504 1231 tertio
537 1196 609 1229 idus
630 1196 640 1211 ⁵
665 1194 824 1235 octobris,
851 1195 976 1228 Astur-io
1000 1194 1010 1207 ⁵

269 1257 297 1284 et
319 1251 496 1293 Protogene
514 1248 587 1282 viris
608 1248 791 1282 clarissimis
809 1247 1006 1281 consulibus.

306 1311 363 1339 Dat.
381 1311 424 1338 die
441 1311 472 1339 13
487 1310 605 1338 octobris
620 1318 663 1336 an.
680 1309 742 1336 449.

466 1445 653 1478 EPISTULA
680 1446 772 1477 XXlX
791 1446 811 1478 ⁷.

271 1518 411 1550 Litteras
443 1527 518 1549 suus
557 1516 601 1549 ad
638 1515 848 1548 Pitlcleeri’um
874 1516 1014 1555 mittens,

314 1572 394 1605 quas
424 1565 524 1593 antea
564 1560 701 1592 Hitarus
738 1561 767 1591 ei
793 1560 922 1591 tradere
946 1569 1014 1592 non

313 1606 437 1649 potuit,
462 1605 713 1638 conciliabulum
737 1604 935 1646 Eplmsmum
961 1614 1014 1635 re-

312 1651 441 1693 probat,
481 1660 517 1682 ccc
543 1649 761 1692 imperatricis
782 1649 937 1690 pietatem·
965 1648 1014 1680 ob-

316 1698 464 1733 testatur,
477 1698 510 1726 uc
537 1693 743 1726 Theodosium
768 1692 812 1725 cut
835 1692 1015 1725 Ecclesiam

317 1739 472 1771 tuendum
496 1738 656 1781 impellat.

272 1820 328 1847 Leo
357 1818 515 1853 episcopus
536 1820 566 1845 et.
591 1820 698 1845 saneta
715 1817 867 1852 synodus,
891 1824 966 1852 quae
986 1817 1016 1844 in

309 1874 381 1900 urbe
399 1873 488 1900 Roma
503 1872 653 1903 convenit,
665 1871 841 1899 pulcheriae
853 1873 1014 1907 Augustae.

320 1944 394 1977 CAP.
412 1944 435 1976 I.
453 1943 484 1976 Si
496 1943 660 1987 epistolae,
674 1954 755 1986 quae
770 1943 800 1976 in
818 1943 892 1976 fidei
907 1954 1016 1977 caussa

275 2007 330 2042 per
354 2002 480 2031 nostros
511 1997 645 2030 clericos·
679 1997 822 2030 directae
856 2003 952 2036 sunt,
979 1998 1017 2030 ad

312 2097 322 2122 1
344 2105 355 2118 α
371 2095 410 2122 ΑΙ.
435 2097 465 2122 ut
486 2094 521 2122 ab
544 2094 686 2122 Ecclesiae
703 2097 753 2120 etc.
774 2104 797 2120 ν.
816 2093 910 2120 Baller.
933 2094 950 2120 1.
972 2103 995 2121 c.

310 2140 326 2166 2
346 2151 357 2164 a
373 2139 413 2165 ΑΙ.
430 2147 487 2166 non
501 2138 655 2171 discedant,
671 2138 711 2165 vel
727 2139 863 2166 accedant
880 2149 902 2165 n.
922 2138 1017 2165 Baller.

277 2179 302 2203 et
318 2175 435 2202 Cacciar.
454 2174 481 2201 ll.
499 2183 537 2200 cc.

311 2219 327 2246 3
343 2219 460 2246 Caeciar.
477 2218 494 2245 l.
516 2228 539 2245 c.
559 2227 619 2244 cnm
636 2218 670 2245 al.
692 2226 817 2246 cansam.
839 2218 911 2245 Alias
926 2218 1020 2245 lectio-

277 2263 339 2288 nes,
356 2254 403 2281 sed
425 2262 555 2281 erroneas
571 2254 623 2280 vid.
640 2254 710 2289 atiud
728 2254 855 2280 Ballerin.
878 2255 930 2280 col.
954 2254 1007 2280 918

312 2299 328 2326 4
352 2310 364 2324 α
380 2299 419 2326 ΑΙ.
437 2299 569 2333 defendat
583 2308 605 2324 n.
622 2298 740 2324 Cacciar.
756 2306 815 2333 pag.
836 2298 894 2325 183.

312 2343 329 2371 5
344 2343 463 2370 Caeciar.
490 2351 551 2370 cum
571 2343 606 2369 al.
629 2343 724 2369 idibus
748 2343 881 2371 octobris.
899 2342 962 2369 Vide
988 2342 1019 2369 de

278 2379 328 2407 hac
348 2388 376 2406 re
392 2387 461 2415 quae
474 2378 608 2405 [hallei-inii
628 2378 771 2404 advertunt
787 2378 803 2405 l.
821 2387 845 2405 c.

315 2420 331 2446 6
347 2419 465 2446 Caeciar.
488 2419 505 2445 1.
523 2427 546 2444 c.
563 2418 688 2445 Asterio.

316 2461 330 2487 7
347 2459 383 2487 Ex
400 2459 465 2486 edit.
490 2458 615 2486 Ballerin.
646 2459 717 2493 Opp.
739 2458 769 2485 S.
790 2459 892 2486 Leonis
915 2462 979 2485 tom.
1001 2465 1020 2491 1,

281 2500 332 2527 col.
355 2500 416 2526 919.
442 2499 511 2534 Aliq.
535 2498 613 2525 huius
639 2498 822 2534 inscriptionis
851 2498 1021 2526 diversitates

281 2536 335 2562 vid.
352 2535 422 2569 apud
437 2534 561 2561 Ballerin.
578 2534 593 2561 1.
613 2542 637 2560 c.

317 2575 333 2602 8
357 2585 369 2599 «
384 2575 424 2601 ΑΙ.
442 2574 535 2602 ordine
552 2574 669 2609 paullum
689 2573 842 2605 immutato,
859 2582 930 2608 quac
943 2574 973 2601 in
984 2574 1019 2608 li-

282 2610 325 2638 dei
340 2618 424 2638 causa
440 2610 476 2637 ad
490 2611 626 2644 pietatem
654 2612 777 2637 vestram
806 2610 930 2637 directae
954 2613 1020 2635 sunt

282 2654 334 2681 per
349 2649 459 2673 nostros
474 2646 803 2680 clericos,pervenissent
815 2656 840 2671 ι.
854 2645 949 2672 Baiter.
968 2645 985 2672 l.
996 2654 1018 2671 c.

920 240 945 264 S.
969 238 1032 263 LEO
1053 238 1130 263 IPP.

1705 225 1747 258 53

1036 292 1171 320 vestram
1197 286 1346 330 pietatem
1376 285 1589 329 pervenissent
1605 284 1627 324 ⁸,
1653 288 1776 317 certum

1036 345 1092 380 est,
1113 340 1288 372 remedium
1306 350 1359 373 vos
1383 339 1430 373 his
1445 338 1550 378 rebus,
1568 348 1650 381 quae
1668 342 1777 371 contra

1038 392 1133 426 sidem
1151 394 1251 427 factae
1266 398 1350 432 sunt,
1365 392 1521 435 aspirante
1532 391 1618 424 vobis
1631 389 1777 429 Domino,

1038 451 1196 491 praestare
1213 446 1365 489 potuisse.
1383 445 1515 484 Quando
1529 444 1613 477 enim
1631 443 1778 477 sacerdo-

1039 499 1134 539 tibus,
1155 499 1284 542 quando
1303 498 1492 531 christianae
1510 496 1653 541 religioni
1675 502 1729 530 aut
1744 495 1779 528 si-

1039 552 1089 586 dei
1106 552 1272 586 defuistis?
1290 551 1349 585 Sed
1360 562 1432 584 cum
1450 551 1489 583 ad
1500 549 1778 584 mansuetudinem

1040 611 1176 639 vestram
1194 604 1273 638 adeo
1289 615 1354 637 non
1365 605 1528 647 potuerint
1544 603 1707 647 pervenire
1724 603 1778 646 qui

1041 659 1126 692 missi
1149 664 1235 699 sunt,
1254 664 1289 691 ut
1307 658 1345 690 ad
1371 668 1429 691 nos
1445 657 1494 691 vix
1522 667 1605 690 unus
1628 667 1738 690 eorum
1755 657 1778 695 ²,

1040 713 1167 746 Hilarus
1189 712 1342 746 diaconus
1359 718 1468 745 noster
1484 711 1606 754 fugiens
1623 711 1654 751 ¹⁰,
1675 711 1715 743 sit
1733 721 1781 743 re-

1041 777 1162 803 versus,
1180 765 1322 799 iteranda
1333 765 1453 809 scripta
1470 763 1678 797 credidimus.
1693 763 1728 796 Et
1747 769 1781 796 ut

1042 820 1212 854 validiores
1233 830 1341 863 preces
1359 825 1486 852 nostrae
1499 829 1566 851 esse
1586 823 1779 857 mereantur,

1043 874 1185 918 ipsorum
1211 874 1416 917 scriptorum,
1433 883 1514 915 quae
1529 872 1567 905 ad
1583 871 1783 905 clementiam

1044 932 1179 961 vestram
1205 938 1269 961 non
1288 932 1515 972 pervenerunt,
1535 927 1680 969 exempla
1696 924 1713 941 ¹¹
1733 936 1784 958 su-

1043 982 1199 1016 biecimus
1214 1010 1221 1022 ,
1256 981 1466 1025 amplioribus
1502 991 1556 1014 vos
1591 979 1781 1013 obtestatio-

1044 1037 1137 1069 nibus
1163 1035 1384 1075 obsecrantes,
1421 1040 1454 1068 ut
1475 1040 1595 1077 quanto
1621 1033 1786 1067 acerbiora

1046 1090 1127 1123 facta
1146 1095 1231 1129 sunt,
1255 1088 1373 1132 quibus
1402 1099 1459 1131 pro
1496 1087 1559 1120 fide
1575 1086 1595 1103 ¹⁹
1613 1087 1698 1128 regia
1733 1096 1786 1120 vos

1045 1143 1189 1177 convenit
1223 1143 1392 1181 contraire,
1430 1147 1515 1175 tanto
1549 1141 1668 1174 maiore
1685 1141 1786 1184 gloria

1045 1207 1156 1229 curam
1189 1195 1268 1236 eius,
1290 1195 1321 1228 in
1339 1207 1402 1239 qua
1419 1195 1588 1234 excellitis,
1624 1194 1787 1237 religionis

1045 1249 1208 1290 habeatis3
1246 1260 1285 1282 ne
1311 1249 1484 1283 catholicae
1520 1249 1593 1282 fidei
1622 1248 1787 1291 integritas

1046 1303 1109 1335 ulla
1126 1303 1338 1335 humanarum
1356 1302 1630 1335 concertationum
1649 1300 1788 1334 occasio-

1046 1366 1085 1388 ne
1104 1356 1249 1389 violetur.
1275 1356 1360 1394 Quae
1375 1355 1473 1395 cnim,
1494 1359 1685 1397 congregata
1702 1353 1785 1397 apud

1047 1410 1206 1453 Ephesum
1233 1410 1373 1453 synodo,
1404 1407 1554 1452 sopienda
1587 1413 1616 1441 et
1644 1406 1786 1439 sananda

1048 1463 1134 1507 pacis
1160 1462 1301 1496 remedio
1325 1462 1344 1478 ¹³
1362 1461 1586 1501 credebantur,
1619 1462 1695 1494 haec
1723 1471 1788 1494 non

1048 1517 1151 1549 solum
1173 1517 1204 1549 in
1230 1517 1350 1549 maiora
1376 1515 1462 1558 pacis
1498 1515 1677 1558 dispendia,
1712 1513 1787 1553 sed,

1049 1568 1135 1612 quod
1172 1569 1268 1602 nimis
1304 1569 1478 1602 dolendum
1504 1575 1565 1608 est,
1596 1567 1689 1601 etiam
1714 1568 1745 1600 in
1771 1567 1790 1583 ¹¹²

1050 1622 1148 1666 ipsius
1172 1622 1261 1662 fidei,
1287 1634 1350 1666 qua
1375 1621 1539 1655 christiani
1565 1632 1686 1658 sumus,
1706 1621 1787 1655 exci-

1050 1677 1101 1710 dia
1122 1682 1354 1719 processerunt.

1095 1729 1168 1764 CAP.
1197 1730 1234 1763 Il.
1263 1731 1301 1763 Et
1317 1730 1348 1763 hi
1370 1729 1511 1773 quidem,
1530 1728 1585 1772 qui
1603 1728 1788 1769 missisunt,

1050 1794 1255 1827 quorumque
1276 1794 1358 1817 unus
1376 1782 1396 1799 ¹1·
1415 1783 1474 1816 vim
1496 1783 1698 1816 Alexandrini
1718 1783 1788 1826 cpi-

1051 1837 1138 1881 scopi
1170 1837 1229 1870 sibi
1268 1838 1374 1870 omnia
1411 1836 1602 1870 vindicantis
1637 1836 1792 1880 effugiens

1051 1902 1158 1924 rerum
1186 1896 1346 1934 gestarum
1369 1890 1461 1923 nobis
1479 1890 1625 1923 ordinem
1658 1889 1794 1923 fideliter

1052 1946 1221 1985 nuntiarit,
1241 1945 1456 1978 reclamarunt
1470 1944 1489 1959 ¹⁶
1507 1944 1538 1978 in
1556 1943 1690 1988 synodo,
1710 1943 1793 1977 sicut

1052 1998 1205 2043 oportuit,
1225 1998 1321 2032 unius
1338 1997 1475 2031 hominis
1500 2008 1563 2031 non
1580 2003 1642 2030 tam
1660 1997 1792 2037 iudicio,

1087 2097 1104 2123 9
1119 2096 1237 2123 Caeciar.
1256 2096 1325 2130 Opp.
1343 2096 1372 2122 S.
1390 2096 1492 2122 Leonis
1508 2098 1576 2130 part.
1599 2102 1630 2128 11,
1654 2103 1714 2130 pag.
1734 2095 1793 2129 184,

1054 2146 1113 2164 cum
1129 2137 1164 2163 al.
1185 2137 1317 2163 ictorum.

1092 2181 1122 2207 10
1142 2181 1259 2208 Cacciar.
1280 2180 1297 2207 l.
1314 2189 1337 2207 c.
1352 2189 1414 2207 cuni
1435 2180 1468 2207 al.
1486 2181 1634 2215 efftcgsieizs.

1091 2228 1117 2253 ll
1135 2236 1146 2251 «
1165 2226 1204 2252 Al.
1221 2227 1405 2260 ememplarn.
1424 2225 1548 2252 Ballerin.
1567 2225 1617 2252 col.
1635 2225 1697 2253 920.

1091 2271 1122 2297 1⁹2
1140 2280 1151 2296 ‹
1169 2271 1207 2297 ΑΙ.
1230 2279 1282 2305 pro
1298 2271 1360 2297 sede
1374 2281 1395 2297 ›».
1420 2270 1515 2297 Raller.
1537 2273 1564 2296 et
1579 2270 1696 2296 Caeciar.
1713 2269 1741 2296 ll.
1755 2278 1794 2296 cc.

1056 2310 1172 2345 Rectius,
1191 2311 1296 2346 opinor,
1314 2319 1338 2337 n.
1357 2311 1447 2337 lectio.

1089 2356 1123 2382 13
1141 2366 1152 2381 «i
1172 2356 1211 2382 Al.
1228 2355 1381 2390 sopiendae
1402 2358 1427 2382 et
1441 2355 1591 2383 sanandae
1609 2354 1689 2389 pacis
1711 2362 1795 2382 reme-

1055 2396 1105 2423 dia
1122 2406 1145 2422 n.
1168 2396 1292 2423 Ballerin.
1311 2396 1362 2423 col.
1378 2396 1440 2422 922.

1093 2442 1124 2468 1Ιι
1147 2450 1158 2465 «
1178 2440 1308 2467 Nonnulli
1334 2440 1412 2467 codd.
1435 2440 1525 2467 delent
1545 2440 1703 2476 particulam
1720 2441 1749 2467 ιή
1774 2452 1794 2466 u.

1054 2482 1172 2509 Cacciar.
1190 2481 1207 2507 l.
1226 2490 1249 2507 c.
1272 2481 1363 2516 lnepte
1379 2482 1412 2507 ad
1428 2480 1569 2516 syntaxim.

1091 2528 1123 2553 15
1141 2537 1153 2550 ι
1169 2526 1209 2552 ΑΙ.
1233 2526 1268 2553 Ee
1292 2526 1321 2552 hi
1336 2526 1387 2560 qui
1407 2526 1486 2552 missi
1502 2528 1578 2557 suut,
1598 2533 1720 2559 quorum
1736 2525 1797 2558 ιμιιῖ-

1055 2563 1116 2589 dem
1135 2570 1215 2593 unus,
1232 2565 1284 2588 etc.
1305 2561 1339 2587 al.
1366 2569 1492 2595 quorum
1508 2569 1579 2587 nnus
1596 2561 1671 2587 idem
1687 2571 1711 2586 n.
1739 2560 1797 2587 Bal-

1055 2598 1132 2625 leriu.
1151 2597 1168 2624 l.
1186 2606 1210 2624 e.
1231 2600 1257 2624 et
1278 2596 1394 2623 Cacciar.
1413 2605 1473 2632 pag.
1488 2597 1547 2623 185.

1092 2643 1123 2670 16
1143 2654 1154 2667 α
1171 2642 1210 2670 Al.
1232 2643 1461 2671 reclamaverunt
1478 2653 1503 2668 ι).
1521 2641 1637 2668 Cacciar.
1659 2640 1723 2668 ibid.

1809 233 1857 261 An·
1875 232 1903 260 C.
1923 233 1975 260 449

1827 295 1976 318 Condolet,lit·

1792 324 1849 343 teras
1864 328 1913 342 suas
1928 324 1977 342 aute

1792 349 1903 369 concilium
1926 354 1977 368 scri-

1792 378 1839 402 ptas
1854 375 1881 395 ad
1890 375 1977 396 Pulche-

1793 403 1845 423 riam
1855 407 1896 422 non
1906 407 1978 428 perve-

1793 429 1857 449 nisse.

1824 827 1901 848 Earum
1913 833 1980 848 exom-

1798 855 1832 880 pla
1848 855 1918 875 mittit.

1833 1359 1940 1384 Ephesina
1956 1364 1987 1384 sy-

1802 1386 1869 1407 nodus
1894 1392 1914 1406 in
1938 1385 1987 1405 fidei

1803 1412 1906 1432 excidium
1937 1417 1988 1437 pro-

1802 1439 1874 1462 cessit,

1833 1732 1890 1752 Licet
1903 1732 1991 1756 Aposto-

1806 1758 1860 1778 lirae
1877 1759 1939 1778 Sedis
1963 1758 1991 1777 le-

1806 1788 1847 1810 gitt
1856 1785 1952 1805 Dioscuri
1963 1784 1991 1803 fu·

1807 1817 1849 1831 rori
1861 1811 1946 1831 tirmiter
1955 1810 1991 1831 ob⁴

1807 1840 1905 1859 stiterint.
