2244 3183
61 258 91 283 Α.
101 257 131 283 C.
141 256 243 283 392-96

86 318 107 339 lu
124 323 186 343 quem
201 322 242 337 em-

61 343 187 371 ptorisaetio
194 349 242 364 con-

62 371 166 392 «artemia.

78 688 155 709 Consus
161 692 242 707 annuus

60 713 243 762 Ξρίιοιοροιιιιεατο

61 747 87 789 ‹1‘3
93 745 243 794 attexta:

62 793 169 815 videndus.

79 1272 101 1292 Si
114 1272 164 1298 quui
175 1272 195 1291 iu
206 1270 246 1291 Ec-

61 1298 140 1319 clesiae
147 1298 245 1318 damnum

62 1324 124 1345 suerit
148 1324 174 1345 ab
199 1325 245 1350 ipso

77 1353 175 1373 ati-aium.
188 1350 211 1371 S.
221 1351 244 1371 A.

76 1377 232 1398 enuntiandum.

95 1537 194 1558 Decimae
210 1536 246 1556 ubi

61 1563 247 1612 {laepibustraden-

866 257 891 277 S.
917 256 1069 279 ussLAs'ws
1091 256 1100 279 1
1121 256 1171 279 PP.

258 304 471 337 nihilominus
501 310 703 344 revocentur,
735 304 775 337 sit
801 303 1001 347 emptoribus

257 358 297 390 ad
312 367 386 390 eum
402 368 562 397 recursus,
580 357 634 401 qui
649 357 864 400 praesumpsi!
880 356 1000 399 aliquid

258 412 297 443 de
315 410 470 444 ecclesiae
491 411 587 444 rebus
608 410 720 443 illicita
744 409 931 443 venditione
953 410 1001 442 di-

257 463 419 503 strahere,
438 463 483 496 ita
496 469 529 496 ut
545 463 717 506 pensiones
734 473 858 496 annuas
867 463 907 495 ad
921 462 1003 495 Pon-

259 517 377 550 tificem
400 518 562 556 deferatis,
591 517 642 550 cui
660 517 829 561 privilegia
849 527 905 549 sua
923 516 1003 549 inte-

257 582 315 613 gra
326 571 475 604 convenit
489 571 578 604 omni
597 570 721 604 ratione
741 570 872 609 servari,
889 575 923 602 ut
937 570 1004 603 eius

259 624 499 668 dispensatione
523 624 689 668 portiones
713 624 904 668 proveniant
929 633 1003 656 con-

258 683 379 717 suetae,
405 678 446 711 ita
465 684 501 711 ut
519 678 706 722 portionem
725 683 872 722 quartam
886 677 904 717 ¹,
922 688 1004 721 quae

258 731 299 764 ad
319 742 374 764 eos
391 731 541 775 pertinet,
566 742 623 764 sua
643 731 787 764 Pontifex
800 731 1004 764 ordinatione

258 784 450 823 distribuat,
478 791 575 828 prout
595 785 752 828 cuiusque
778 785 883 818 locum
906 785 1004 817 ineri-

259 844 393 881 tumque
414 838 588 880 cognoscit.
610 838 734 871 Pariter
751 838 847 871 etiam
870 849 905 871 ex
926 838 1005 871 fide-

258 891 337 924 lium
367 891 532 925 oblatione
551 891 734 925 faciendum
750 892 770 931 ¹²,
795 898 829 924 ut
854 896 1002 934 quartam

258 943 383 976 clericis
408 950 521 986 eroget
548 954 608 987 pro
636 943 897 976 consideratione
928 952 1005 975 suae

258 997 425 1030 electionis
441 996 801 1030 antistes.Fabrica1·uni
821 996 915 1029 etiam
928 1006 1004 1039 por-

259 1051 315 1091 tio,
332 1050 487 1094 episcopo
501 1049 622 1083 sciente
635 1056 664 1082 et
679 1049 883 1093 disponente,
901 1055 1005 1082 vestra

259 1103 447 1146 erogatione
471 1103 642 1146 pendatur,
667 1108 825 1145 quatenus
846 1101 926 1134 nihil
948 1112 1004 1145 pe-

259 1157 344 1190 nitus
365 1156 398 1189 in
419 1156 650 1190 detrimentum
671 1155 805 1189 alicuius
830 1155 876 1188 rei
902 1155 1004 1198 patia-

261 1211 340 1243 mini
359 1210 506 1252 generari
519 1210 540 1242 ³.
574 1209 704 1253 Siquid
737 1219 812 1242 vero
840 1209 871 1241 in
905 1209 1006 1241 cerle-

261 1264 326 1297 siae
359 1270 481 1297 vestrae
513 1263 687 1303 damnum,
722 1269 777 1296 aut
798 1263 828 1295 in
854 1262 904 1295 liis
924 1273 1005 1306 quae

261 1316 580 1360 suntpraeceptionis
593 1321 722 1349 nostrae
737 1315 910 1359 prohibita,
924 1315 1005 1347 Pon-

261 1370 381 1403 tificem
402 1376 543 1403 vestrum
564 1370 714 1403 videretis
735 1369 916 1409 admittere,
934 1379 1007 1401 mox

261 1423 380 1456 nostris
401 1423 534 1457 auribus
554 1423 710 1456 relatione
731 1423 866 1465 signate,
884 1422 1007 1466 utquid

263 1476 334 1510 sieri
370 1477 487 1510 debeat
517 1487 716 1510 censeamus.
748 1476 894 1509 Decimas
924 1475 1007 1509 iusto

262 1530 374 1563 ordine
395 1541 460 1563 non
481 1536 606 1564 tantum
624 1530 729 1570 nobis,
753 1530 808 1562 sed
830 1529 1006 1562 maioribus

261 1583 364 1616 visum
380 1589 437 1624 est,
453 1583 602 1627 plebibus
616 1588 753 1622 tantum,
770 1582 824 1615 ubi
838 1592 1006 1615 sacrosan-

262 1644 313 1671 cta
338 1637 456 1670 dantur
476 1637 683 1680 baptismata,
708 1636 830 1669 deberi.

304 1691 372 1724 Dat.
397 1701 471 1723 ann.
496 1689 683 1723 Alae-496⁴.

570 1903 657 1936 LVIII
670 1903 690 1935 ⁵.

261 2012 390 2046 Iustino
417 2015 445 2044 et
468 2011 591 2044 Fausto
618 2009 777 2050 mandat,
803 2013 836 2042 ut
863 2019 972 2042 omnes
992 2020 1007 2041 e.

306 2065 449 2105 rusticis,
462 2064 662 2106 urbanisque
672 2062 822 2107 praediis
832 2066 1008 2106 proventus

303 2165 311 2190 1
338 2173 349 2189 ι
364 2164 490 2196 Quartae
507 2173 531 2188 n.
555 2161 624 2188 Pith.

297 2213 314 2240 2
334 2212 406 2240 pith.
424 2211 499 2239 addit
514 2215 570 2244 σείς
591 2212 666 2238 Grat.
683 2211 756 2246 legit:
779 2211 946 2244 faciendum
957 2213 1006 2244 est,

264 2266 294 2291 ut
310 2263 421 2290 clericis
438 2264 574 2297 quartam
591 2264 718 2296 partem.

299 2312 314 2338 3
343 2311 487 2346 Hucusque
517 2310 610 2342 Grat.;
641 2312 747 2336 caetera
777 2308 859 2336 habet
883 2308 927 2335 lvo
958 2315 1005 2343 ni,

265 2370 325 2398 cap.
349 2362 409 2388 151.

301 2411 317 2438 4
338 2410 408 2438 Pitli.
430 2418 492 2437 ann.
515 2418 536 2436 c.
560 2409 622 2437 492.

299 2461 316 2488 5
336 2460 372 2487 Ex
388 2459 471 2487 Mansi
483 2460 590 2487 Concil.
605 2459 718 2487 Collect.
737 2462 799 2486 toni.
810 2465 867 2493 rin,
881 2459 931 2486 col.
946 2459 1006 2486 135.

265 2510 385 2537 Gratian.
406 2518 480 2536 caus.
498 2516 544 2543 xii,
561 2518 587 2544 q.
604 2517 634 2542 11,
659 2517 682 2535 c.
703 2508 748 2541 23;
769 2508 812 2535 lvo
843 2514 882 2542 ιιι,
903 2516 926 2535 c.
946 2508 1003 2535 151.

266 2558 405 2585 Ber-ardus
425 2566 469 2593 op.
487 2558 531 2585 cit.
553 2566 613 2593 pag.
641 2556 692 2585 346
715 2556 748 2584 de
769 2556 848 2584 huius
868 2556 1007 2584 authentia

267 2606 443 2635 vehementer
462 2607 584 2642 ambigit.

303 2657 318 2683 6
334 2656 374 2684 ΑΙ.
397 2657 473 2684 vobis
492 2657 576 2684 enim.

1681 244 1744 277 3:33
1793 255 1862 279 rc.
1876 253 1978 279 tae-es

1080 303 1121 336 ad
1149 304 1336 336 antistitum
1363 304 1529 346 drserant,
1554 304 1662 346 cisque
1690 302 1777 334 cliri-

1081 348 1180 380 ‹tf-ndi
1205 348 1361 380 rationem
1388 348 1593 391 praescribit.

1038 439 1049 442 Α
1065 409 1199 436 Gelasius
1216 409 1331 437 Iustino
1347 410 1563 437 Arohidiacono
1579 413 1610 437 et
1629 410 1748 438 Fausto.

1081 462 1199 495 Yohisss
1220 469 1246 496 et
1269 462 1506 506 I'itiiiae2x‘esti·ae
1521 464 1704 496 consultum
1720 464 1779 496 du·
1821 473 1900 493 census
1914 472 1979 492 omnis

1037 515 1152 554 ximus,
1175 522 1209 548 ut
1224 516 1388 549 Pontilicis
1409 516 1504 549 vestri
1526 517 1597 550 loco
1615 516 1780 550 vobiscum
1795 499 1910 546 miletius
1926 502 1979 519 ³⁰¹¹*

1038 570 1077 602 al)
1103 570 1219 603 eodeni
1244 570 1360 613 aliquis
1390 571 1595 613 subrogetur,
1626 571 1681 614 qui
1713 571 1781 604 eius

1038 623 1169 656 nomine
1194 624 1314 666 pariter
1341 624 1490 657 universa
1515 625 1676 668 disponat,
1705 635 1782 668 qua-

1039 682 1130 709 tenus
1149 677 1258 709 omnia
1278 677 1410 720 praedia
1430 678 1469 710 ad
1491 683 1631 710 vestrum
1654 688 1782 711 revoce-

1039 729 1076 762 tis
1096 730 1252 770 studium,
1270 741 1309 763 ne
1323 730 1474 774 cuiquam
1493 731 1611 764 clerico
1632 742 1690 774 pro
1708 742 1783 774 por-

1039 783 1126 816 tione
1146 794 1204 816 sua
1223 784 1328 816 solum
1344 783 1476 827 aliquod
1488 784 1648 817 Ecclesiae
1665 785 1783 828 putetis

1039 847 1107 870 esse
1128 837 1369 880 deputandum,
1398 848 1437 870 ne
1462 848 1519 881 per
1544 837 1703 870 incuriam
1725 848 1781 871 ne-

1038 890 1292 933 gligentiamque
1303 890 1479 932 minuatur,
1500 891 1555 924 sed
1566 901 1694 924 omnem
1705 902 1784 935 pen-

1039 942 1138 975 sionis
1157 954 1317 976 summam
1336 954 1372 976 ex
1393 944 1544 977 omnibus
1565 945 1706 987 praediis
1731 956 1783 977 ru-

1039 995 1125 1029 sticis
1140 996 1337 1040 urbanisque
1358 997 1525 1030 collectam
1547 998 1587 1030 ad
1609 997 1783 1030 antistitem

1039 1049 1200 1082 deferatis.
1225 1050 1267 1082 Ex
1288 1061 1351 1093 qua
1381 1056 1487 1083 tamen
1516 1050 1707 1084 collectione
1728 1051 1784 1084 ha-

1038 1104 1152 1136 beatur
1166 1104 1258 1144 ratio,
1277 1105 1364 1147 quod
1383 1105 1422 1136 ad
1443 1115 1555 1137 causas
1568 1105 1616 1137 vel
1631 1115 1784 1148 expensas
1799 1109 1983 1157 hgutffimgffigg

1039 1157 1261 1190 accedentium
1281 1158 1504 1190 necessitatum
1528 1168 1608 1201 opus
1625 1169 1693 1191 esse
1713 1170 1785 1202 per-
1799 1143 1845 1183 ‹lu‘ff-

1039 1211 1192 1254 spicitur,
1221 1216 1256 1243 ut
1285 1211 1323 1243 de
1356 1211 1462 1244 medio
1495 1217 1725 1254 setpiestretur,
1754 1218 1785 1245 et

1041 1271 1174 1308 quartae
1188 1264 1354 1308 portiones
1375 1265 1422 1297 vel
1444 1265 1588 1298 fidelium
1604 1266 1784 1299 oblationes

1042 1317 1080 1349 de
1101 1316 1161 1349 hac
1190 1317 1268 1350 fiant
1293 1317 1398 1350 modis
1423 1317 1575 1350 omnibus
1595 1318 1781 1361 pensione⁷.

1043 1370 1084 1403 ita
1097 1376 1241 1404 utunam
1254 1371 1315 1403 sibi
1338 1371 1425 1403 tollat
1448 1371 1590 1411 antistes,
1612 1371 1708 1404 aliam
1723 1371 1786 1404 cle—

1042 1424 1116 1457 ricis
1137 1435 1195 1468 pro
1216 1435 1274 1458 suo
1294 1424 1413 1458 iudicio
1434 1430 1465 1457 et
1486 1424 1643 1457 electione
1664 1424 1786 1468 disper-

1042 1478 1117 1518 tiat,
1154 1478 1280 1511 tertiam
1313 1478 1511 1522 pauperibus
1535 1478 1593 1510 sub
1617 1478 1787 1511 oninium⁸

1041 1531 1238 1564 conscientia
1251 1531 1346 1564 saciat
1363 1531 1500 1574 erogari.
1518 1531 1660 1564 Fabricis
1673 1542 1748 1564 vero
1761 1532 1783 1572 ⁹,

1041 1585 1128 1628 quod
1146 1585 1301 1628 competit
1327 1585 1365 1617 ad
1387 1585 1627 1618 ordinationem
1653 1585 1787 1618 Pontili·

1041 1638 1096 1677 cis,
1110 1638 1297 1679 erogatione
1309 1643 1411 1670 vestra
1425 1637 1631 1671 decernimus
1642 1638 1785 1681 penden-

1041 1691 1128 1724 dum.
1151 1691 1181 1723 Si
1203 1691 1282 1734 quid
1308 1692 1388 1724 forte
1409 1691 1448 1723 ab
1470 1701 1576 1723 annua
1607 1692 1784 1724 remanebit

1041 1755 1192 1788 expensa,
1221 1745 1323 1778 electo
1343 1745 1459 1778 idoneo
1480 1744 1523 1794 ab
1541 1750 1679 1788 utraque
1694 1750 1785 1788 parte
1801 1748 1986 1802 uffiissggjf'leffifggffi

1040 1798 1184 1838 custode,
1199 1797 1358 1831 condatur
1369 1796 1391 1813 ¹⁰
1411 1798 1442 1830 in
1457 1797 1568 1837 thecis,
1593 1804 1627 1830 ut
1641 1797 1666 1829 si
1682 1798 1786 1831 maior
1801 1802 1857 1823 dum-

1041 1851 1209 1884 emerserit
1245 1851 1366 1884 fabrica
1382 1878 1389 1891 ‚
1424 1851 1487 1884 sint
1523 1850 1666 1884 subsidio
1704 1861 1786 1894 quae

1041 1905 1156 1938 diversi
1183 1905 1338 1949 temporis
1359 1904 1526 1947 diligentia
1546 1904 1709 1948 potuerint
1730 1916 1786 1937 cu-

1041 1959 1165 1999 stodiri,
1190 1964 1246 1991 aut
1266 1965 1351 1992 certe
1372 1964 1499 1992 ematur
1516 1958 1686 2002 possessio,
1705 1969 1786 2002 quae

1041 2013 1194 2046 utilitates
1213 2013 1362 2056 respiciat
1379 2023 1568 2045 communes
1584 2011 1612 2044 ¹¹¹.

1085 2067 1153 2099 Dat¹
1179 2076 1253 2098 ann.
1278 2065 1431 2099 402-AEssss
1449 2064 1479 2097 ¹².

1078 2166 1092 2192 7
1114 2166 1186 2193 Grat.
1204 2169 1230 2193 et
1246 2169 1373 2201 quatuor
1391 2166 1537 2201 portiones
1553 2166 1594 2192 vel
1610 2166 1643 2192 de
1658 2165 1786 2200 fidelium

1042 2210 1288 2242 oblationestwlde
1305 2211 1357 2236 hac
1373 2210 1444 2244 fiant
1459 2210 1552 2237 modis
1565 2210 1698 2238 omnibus
1712 2218 1785 2244 pen-

1044 2256 1134 2288 sione,
1157 2255 1199 2282 ι’[α
1219 2257 1250 2282 ut
1266 2262 1362 2281 unam.

1077 2300 1093 2326 8
1114 2299 1154 2326 At.
1175 2299 1227 2327 sub
1243 2299 1332 2326 omni⁴

1078 2345 1091 2370 7
1109 2344 1148 2370 ΑΙ.
1167 2343 1301 2370 Fabi-icis
1318 2351 1380 2370 vero
1396 2346 1628 2378 ‹litartc1nz‚r1utte
1642 2343 1778 2378 coiitpett‘l

1041 2390 1079 2416 cccl
1096 2388 1310 2415 ordinationem
1327 2388 1486 2423 Pontifices,
1509 2388 1675 2423 eroflatione
1690 2390 1783 2415 vestra

1041 2433 1221 2459 decernimus
1236 2440 1291 2459 esse
1307 2433 1500 2467 pensandam.

1080 2477 1163 2504 totta
1184 2477 1256 2503 Pitli.
1275 2480 1301 2503 et
1320 2477 1367 2509 al.;
1388 2477 1509 2504 nonnulli
1525 2477 1589 2504 edit.
1614 2477 1762 2505 tradatur.

1078 2523 1105 2548 ll
1128 2533 1137 2546 a<
1153 2521 1212 2548 vid.
1233 2521 1279 2548 lib.
1302 2528 1336 2548 vn
1355 2522 1414 2549 cod.
1431 2522 1564 2549 Theodos.
1589 2523 1630 2548 De
1646 2523 1782 2549 bonorum

1039 2567 1210 2601 praescript.
1240 2566 1359 2593 Cassian.
1387 2567 1431 2594 lib.
1458 2573 1482 2593 tr
1507 2567 1592 2594 lnstit.
1615 2574 1672 2601 cap,
1699 2573 1780 2592 xivn.

1042 2611 1114 2638 Pitli.

1080 2655 1109 2682 ¹⁶2
1130 2655 1167 2682 ld.
1186 2663 1249 2682 ann.
1273 2665 1296 2682 c.
1320 2656 1374 2682 294.
