2244 3183
56 208 106 235 Au.
123 208 152 234 C.
170 206 222 234 450

107 589 237 615 Ephesinum

75 615 238 636 conciliabulum

77 643 173 663 omnibus
205 648 238 662 ox-

76 669 206 696 probraturu.

105 1282 144 1306 Oui
174 1282 241 1303 lesum

58 1309 163 1330 ctu-istum
200 1309 241 1329 dis—

57 1336 119 1356 solvit
138 1335 241 1356 Antichri-

56 1364 100 1382 stus
117 1364 155 1383 est.

95 1493 132 1515 Cui
156 1493 240 1515 diversa

59 1521 142 1548 quidem
161 1521 241 1547 specie,

59 1549 80 1568 at
102 1553 176 1573 reapse
200 1547 241 1567 Ne-

60 1573 136 1595 storius
146 1576 168 1594 et
177 1574 240 1599 Euty·

57 1599 107 1621 eheu
115 1600 238 1621 adhaerent.

80 1919 176 1941 Ecclesia
186 1920 240 1940 enim

59 1947 79 1967 iu
101 1947 184 1968 Christo
199 1953 240 1967 non

59 1979 121 1994 unam
138 1976 241 1997 naturam.

58 2000 96 2020 ned
110 2005 172 2021 unam
190 2000 241 2021 ado-

59 2029 92 2047 rat
107 2032 225 2053 porsonam.

901 206 927 230 S.
951 206 1013 230 LEO
1034 206 1044 230 1
1064 207 1114 230 ΡΡ.

254 260 394 289 strorum
417 265 484 289 esse
498 261 692 288 consortem.
708 255 787 288 Nam
808 259 840 287 et
858 264 916 298 per
934 254 993 287 sra-

254 314 317 342 tres
333 315 458 343 nostros
472 309 639 354 episcopos
659 315 755 353 atque
775 308 988 353 presbyteros,

253 373 334 406 quos
353 373 412 407 pro
434 363 627 397 christianae
650 362 814 406 religionis
827 366 910 395 statu
931 361 992 393 mi-

253 415 371 456 simus,
402 427 547 461 quosque
575 417 696 450 dudum
729 415 895 449 vobiscum
924 424 992 447 esse

254 469 467 511 confidimus,
490 470 675 514 plenissime
696 481 732 503 ex
753 469 842 502 omni
868 468 989 501 instru-

254 524 370 564 ctione,
392 535 488 568 quam
507 524 677 564 dedimus,
705 523 854 567 potuistis
874 522 989 555 adver-

256 583 321 611 tere
337 605 344 618 ‚
368 589 465 622 quam
494 578 698 611 intolerabile
726 577 884 610 habeatur
907 575 992 619 apud

255 637 386 665 cunctos
418 637 602 665 nostrarum
634 631 775 675 partium
811 630 993 663 sacerdotes

254 686 341 729 quod
354 686 488 729 profana
500 686 717 730 quorumdam
728 683 910 728 insipientia
919 693 994 716 con-

254 744 302 771 tra
322 745 559 772 sacramentum
581 738 814 783 redemptionis
834 738 994 770 humanae

254 791 372 826 inferre
402 793 514 826 molita
539 799 596 826 est.
629 793 664 826 Et
694 803 781 826 nunc
808 802 865 835 per
890 790 992 823 lilium

253 852 399 879 nostrum
421 847 628 880 Maximinum
654 847 806 880 comitem
827 845 995 879 continua-

254 899 309 932 tim
329 910 385 933 vos
410 900 560 944 alloquiis
593 900 826 939 cohortamur,
853 904 887 932 ut
905 898 990 942 quia,

253 953 393 997 propitio
412 952 581 994 Domino¹,
599 954 736 987 multum
759 952 993 986 catholicorum

254 1012 301 1041 est
321 1013 414 1041 aucta
438 1007 582 1049 libertas,
607 1007 783 1041 adsumatis
808 1006 819 1024 ²
845 1012 994 1040 constan-

254 1060 330 1094 tiam
351 1060 528 1105 spiritalem
560 1067 672 1094 contra
701 1060 885 1094 Antichristi
905 1071 996 1104 prae-

255 1125 414 1154 cursores,
439 1114 565 1148 dicente
592 1115 686 1148 beato
712 1116 848 1148 Ioanne:
882 1114 996 1148 Omnis

256 1167 439 1211 spz’rit1cs3,
471 1169 530 1211 qui
560 1168 730 1210 confitetur
756 1169 866 1201 Iesum
896 1168 993 1202 Chri-

255 1225 342 1253 stum
361 1221 370 1236 ⁴
390 1221 426 1253 in
450 1231 546 1253 carne
571 1221 707 1261 venisse,
730 1232 768 1253 ex
792 1222 856 1254 Deo
880 1226 945 1253 est:
969 1225 997 1253 et

257 1275 363 1306 omnis
390 1275 538 1317 spiritus,
564 1275 622 1317 qui
643 1274 738 1306 solvil
762 1275 868 1307 Iesum
897 1274 994 1308 Cleri-

257 1331 362 1367 stum,
385 1338 423 1360 ex
443 1328 507 1360 Deo
532 1338 597 1360 non
622 1332 677 1367 est,
701 1332 728 1360 et
758 1328 810 1360 hic
830 1331 874 1360 est
894 1328 994 1360 Anti-

258 1380 400 1413 christus
423 1381 443 1414 ⁵.

301 1433 372 1466 Cap,
397 1435 431 1467 ΙΙ.
456 1434 510 1467 Cui
531 1434 694 1467 Nestorius
715 1441 743 1467 et
762 1434 917 1478 Eutyches
938 1434 996 1466 suh

257 1486 381 1519 diversa
410 1487 539 1530 quidem
562 1488 681 1520 erroris
706 1488 829 1531 speeie,
861 1488 916 1521 sed
938 1488 995 1520 sul)

257 1539 371 1572 eodem
398 1539 512 1583 spiritu
536 1540 684 1572 salsitatis
715 1540 853 1573 militare
886 1541 995 1573 volue-

257 1599 344 1633 runt,
368 1604 441 1626 cum
464 1593 622 1627 catholica
647 1593 726 1627 fides
747 1594 931 1638 apostolicis
951 1600 996 1627 at-

256 1657 318 1690 que
336 1646 546 1689 evangelicis⁶
563 1646 686 1679 imbuta
701 1647 854 1680 doctrinis
871 1652 996 1680 utrum-

255 1711 318 1744 que
330 1700 514 1741 detestetur‚
527 1706 700 1744 utrumque
712 1701 905 1734 condemnet
914 1711 995 1744 quae

256 1765 291 1787 ex
313 1765 377 1798 quo
398 1760 605 1788 coaeternum
631 1754 717 1787 Patri
734 1754 742 1770 ⁷
768 1754 905 1787 Verbum
923 1766 996 1787 caro

254 1809 378 1851 factum
392 1809 464 1850 est⁸,
484 1819 579 1853 quem
595 1808 822 1842 creditFilium
841 1809 895 1842 Dei
907 1819 996 1842 eum-

257 1862 329 1895 dem
353 1862 447 1895 etiam
470 1862 571 1895 filium
595 1862 735 1895 hominis
753 1861 946 1899 confitetur‘,
967 1869 994 1895 et

257 1916 288 1948 in
309 1926 373 1949 uno
394 1927 469 1949 vero
483 1917 548 1949 Deo
569 1926 604 1949 ac
618 1927 693 1950 vero
708 1916 838 1950 homine
860 1916 997 1949 Domino

258 1969 328 2002 Iesu
341 1970 464 2003 Christo
477 1981 540 2004 non
549 1981 647 2004 unam
661 1977 821 2011 naturam,
835 1971 890 2004 sed
900 1981 995 2003 unam

256 2033 290 2056 se
298 2023 470 2067 profitetur
479 2024 615 2058 adorare
625 2036 807 2069 personam.
821 2026 854 2058 ln
865 2025 924 2058 hac
934 2025 996 2059 fide

256 2078 793 2124 nobiscuminseparabiliteratque
813 2079 997 2113 indifferen-

291 2187 303 2213 1
330 2197 342 2211 «
362 2186 427 2213 Cod.
450 2186 550 2222 Ratisp.
575 2186 666 2213 Deo».
685 2186 807 2214 Ballerin.
831 2187 847 2214 l.
866 2196 888 2214 c.

289 2231 305 2257 2
325 2230 443 2258 Cacciar.
461 2239 521 2259 cum
540 2230 603 2258 Cod.
622 2231 702 2258 Grim.
724 2232 845 2259 sumatis
861 2242 886 2258 υ.

289 2275 305 2302 3
324 2286 335 2299 «
351 2275 451 2311 natisp.
470 2275 528 2302 cod.
552 2275 658 2303 omittit.
681 2276 809 2310 Spiritus
824 2287 849 2302 n.
869 2275 994 2303 Ballerin.

254 2310 304 2338 loc.
326 2311 369 2337 cit.
384 2311 484 2338 Contra
499 2311 571 2346 Vulg>
585 2315 650 2338 text.

289 2356 305 2382 4
324 2366 337 2380 «
351 2355 451 2391 [latim.
474 2355 532 2383 cod.
554 2355 637 2382 omitt.
666 2356 810 2384 Christum
823 2367 847 2383 n.
872 2355 994 2383 Balleriu.

255 2390 305 2418 loc.
336 2391 379 2417 cit.
398 2391 495 2418 Contra
511 2391 585 2426 Vulg.
600 2391 690 2418 sidem.

289 2431 306 2457 5
326 2430 334 2457 1
356 2430 427 2458 loan.
450 2438 485 2464 tv,
505 2431 532 2463 2,
556 2431 602 2458 ubi
630 2431 701 2467 apud
725 2432 804 2467 vulg.
828 2431 926 2467 legitur
946 2432 998 2466 qni

254 2466 336 2493 solvit
348 2466 453 2500 Iesum,
468 2475 502 2494 επ
520 2467 587 2493 Deo.

289 2506 305 2532 6
329 2506 439 2534 «Voces
463 2510 549 2541 atque
572 2507 755 2542 evangelicis,
776 2506 875 2534 desunt
889 2507 915 2534 in
936 2507 993 2534 cod.

255 2541 354 2577 Ratisp.
372 2554 397 2569 n.
419 2542 544 2569 Ballerin.
562 2543 578 2569 l.
602 2551 624 2569 e.

290 2586 305 2612 7
321 2585 436 2614 Caeciar.
454 2586 470 2613 l.
482 2595 504 2614 c.
523 2596 582 2614 cum
594 2587 652 2614 cod.
672 2587 754 2614 Criniv
775 2591 922 2616 aeternum
940 2588 995 2615 Pa-

255 2622 317 2649 tris.
331 2621 409 2650 Forte
425 2622 511 2650 minus
525 2622 605 2650 bene.

1696 198 1731 231 71
1799 209 1850 235 An.
1867 207 1894 235 C.
1912 208 1964 236 450

1027 260 1074 286 ter
1093 254 1174 286 uniti
1192 260 1271 288 state
1285 255 1497 296 constante1·⁸,
1515 255 1684 289 etviriliter
1697 256 1764 298 agi-

1027 313 1066 340 te:
1085 318 1121 341 ac
1136 308 1253 352 siquae
1274 314 1348 342 sunt.
1363 319 1472 342 morae
1484 309 1522 342 de
1536 309 1595 349 his,
1613 320 1694 353 quae
1707 319 1765 353 po-

1026 360 1154 401 scimus,
1169 362 1366 401 ordinandis,
1382 362 1761 406 peroccasionestamen‚

1026 424 1105 456 quas
1120 414 1198 447 fidas
1211 415 1312 457 gratia
1333 416 1439 448 divina
1450 416 1635 460 providerit,
1652 417 1765 450 litteris
1817 428 1871 449 pem
1887 431 1908 449 ut
1924 429 1965 449 sa..

1027 478 1083 500 nos
1095 474 1216 501 vestrae
1228 469 1408 502 dilectionis
1421 470 1577 503 instruite.
1594 470 1674 509 Quia
1684 470 1766 503 mul·
1789 461 1964 511 illemflffissfi'ssss

1027 526 1095 554 tum
1116 522 1218 554 solatii
1237 528 1293 562 est,
1317 534 1389 555 cum
1412 523 1555 556 sollicitis
1573 524 1688 557 animis
1715 535 1765 557 re·
1781 509 1966 560 {tgreggss‘g‘gssbssi

1027 586 1097 608 rum
1120 576 1374 609 desideratarum
1401 577 1483 610 actio
1504 578 1683 610 nuntiatur.
1705 578 1765 610 Vo-
1781 564 1897 582 ”mmm

1027 630 1133 663 lumus
1145 636 1264 669 autem,
1282 637 1314 664 ut
1328 631 1386 664 hae
1398 631 1524 664 litterae
1535 637 1672 671 nostrae,
1688 642 1766 675 quas

1027 683 1067 716 ad
1087 689 1223 716 vestram
1246 683 1451 717 dilectionem
1475 685 1641 725 misimus,
1671 685 1766 717 etiam

1028 737 1162 771 caeteris
1185 737 1352 771 catholicis
1373 738 1594 771 innotescant:
1631 748 1695 781 quo
1713 738 1764 771 in-

1029 790 1182 833 telligant,
1204 802 1236 825 se
1255 802 1383 836 quoque
1396 792 1435 825 ad
1458 792 1678 825 defensionem
1694 791 1769 825 fidei

1028 843 1147 878 hisce10
1164 845 1282 878 nostris
1302 846 1579 879 exhortationibus
1604 845 1743 878 incitari.

1073 899 1150 931 Data
1160 898 1273 933 sexto¹¹
1285 899 1356 933 idus
1368 900 1566 941 Novembris,
1577 899 1771 933 Valentinia-

1029 962 1070 986 no
1091 954 1233 995 Augusto
1245 954 1361 998 septies
1383 959 1414 987 et
1431 953 1551 987 Avieno
1570 953 1765 987 consulibus.

1064 1015 1124 1042 Dat.
1142 1015 1185 1043 die
1205 1017 1220 1043 8
1237 1015 1406 1051 Novembris,
1428 1025 1471 1044 an.
1489 1017 1550 1044 450.

1235 1197 1420 1231 EPISTOLA
1446 1197 1521 1230 XLV
1536 1196 1567 1230 ¹².

1032 1293 1200 1325 Marciano
1230 1294 1402 1327 rescribens
1433 1295 1559 1337 qratias
1579 1295 1675 1337 refert
1695 1305 1768 1327 ma-

1074 1356 1182 1389 <cimas
1200 1356 1237 1389 de
1253 1358 1321 1390 eius
1334 1358 1368 1390 in
1382 1357 1557 1390 Ecclesiam
1573 1359 1767 1401 patrocinio,

1077 1419 1193 1462 illique
1210 1419 1371 1462 pleniores
1394 1419 1519 1454 litteras
1543 1430 1574 1452 se
1591 1431 1649 1464 per
1678 1421 1767 1464 [ερα-

1076 1485 1120 1512 tos
1142 1482 1207 1513 iam
1235 1482 1359 1514 misisse
1379 1483 1501 1515 innuit.

1056 1569 1112 1596 Leo
1128 1569 1286 1604 episcopus
1303 1571 1454 1598 Marciano
1474 1579 1591 1605 semper
1604 1571 1748 1606 Augusto.

1814 1653 1830 1674 E
1840 1653 1930 1674 Mai-ian·
1941 1654 1972 1673 lit-

1789 1681 1838 1701 teris
1847 1681 1891 1700 eius
1901 1683 1971 1706 patro-

1788 1708 1865 1727 cinium
1890 1707 1909 1727 in
1932 1707 1972 1727 Ec-

1788 1735 1873 1754 clesmm
1896 1734 1971 1759 arguit.

1074 1651 1207 1684 Litteras
1237 1652 1364 1695 pietatis
1392 1658 1514 1685 vestrae
1540 1652 1699 1696 accepisse
1722 1664 1771 1686 me

1030 1705 1167 1745 gaudeo,
1188 1710 1218 1738 et
1238 1706 1278 1739 ad
1298 1706 1568 1748 significationem
1591 1706 1686 1740 totius
1698 1717 1772 1751 pro-

1030 1759 1190 1802 speritatis
1222 1760 1384 1802 pertinere
1410 1771 1581 1803 cognosco,
1610 1772 1682 1793 cum
1708 1772 1773 1793 ser-

1032 1812 1135 1845 monis
1160 1813 1253 1846 vcstri
1275 1813 1364 1846 initia
1386 1813 1406 1829 ¹³
1425 1824 1484 1857 pro
1506 1813 1580 1846 fidei
1606 1824 1663 1846 nos
1682 1812 1700 1829 ¹⁴
1723 1815 1769 1846 fa-

1031 1865 1116 1898 ciant
1137 1866 1319 1909 integritate
1340 1877 1481 1900 securos.
1506 1867 1644 1906 Quantas
1666 1867 1772 1911 itaque

1032 1920 1220 1953 clementiae
1235 1926 1358 1954 vestrae
1373 1921 1490 1963 gratias
1504 1922 1691 1961 reseramus,
1709 1931 1771 1954 non
1789 1919 1880 1966 anffffifg
1892 1922 1972 1966 ‘332¹ss

1032 1984 1068 2006 ex
1088 1974 1194 2007 verbis
1225 1975 1367 2015 nostris,
1392 1975 1446 2007 sed
1473 1986 1508 2007 ex
1536 1975 1701 2008 beneficiis
1723 1986 1773 2008 ve·
1790 1973 1826 1993 ⁸³¹¹*

1031 2027 1125 2066 stris,
1150 2038 1232 2071 quae
1258 2028 1419 2061 EcclesIae
1451 2028 1642 2066 contulistis,
1672 2039 1772 2070 agno-

1032 2080 1130 2114 scite:
1165 2091 1229 2114 non
1266 2081 1486 2124 ambigentes,
1522 2081 1649 2125 qualem
1682 2081 1771 2114 illum

1067 2187 1081 2214 8
1097 2187 1170 2215 loan.
1193 2195 1212 2221 1,
1235 2183 1275 2214 Μ’.

1066 2238 1082 2264 9
1098 2237 1215 2264 Cacciar.
1238 2237 1254 2264 l.
1277 2246 1299 2264 c.
1318 2245 1378 2264 curn
1393 2237 1450 2264 cod.
1469 2237 1549 2264 Grim.
1568 2238 1751 2273 confidenter.

1066 2286 1101 2313 ’10
1124 2298 1135 2309 «ι
1151 2285 1213 2313 Cod.
1226 2285 1326 2322 Ratisp.
1341 2287 1439 2314 iisdem
1459 2286 1615 2313 »Ballerhr
1630 2287 1679 2314 coll
1696 2287 1771 2314 1023,

1069 2336 1097 2361 11
1125 2346 1135 2359 «ι
1149 2334 1185 2362 ld.
1204 2335 1262 2362 eod.
1280 2336 1382 2369 quinto
1399 2348 1423 2361 ».
1440 2335 1563 2362 Rallerin.
1579 2335 1595 2362 1,
1614 2344 1636 2363 c.
1654 2335 1719 2362 tane
1729 2344 1772 2371 op.

1033 2379 1075 2405 cit.
1094 2387 1119 2406 n.
1137 2379 1199 2405 lect.
1213 2379 1293 2406 favet.

1069 2428 1099 2455 1⁹2
1117 2427 1154 2454 lix
1171 2428 1235 2455 edit.
1262 2427 1386 2456 Ballerin.
1407 2429 1475 2464 Opp.
1499 2430 1526 2456 S.
1552 2429 1649 2456 Leonis
1671 2433 1733 2456 tom.
1752 2435 1770 2462 1,

1032 2473 1081 2500 col.
1102 2474 1177 2500 1033.

1068 2527 1100 2553 '13
1115 2526 1231 2554 Caeciar.
1255 2528 1323 2562 Opp.
1347 2528 1375 2554 S.
1395 2528 1495 2555 Leonis
1511 2531 1577 2563 part.
1596 2534 1623 2559 11,
1645 2535 1702 2562 pag.
1721 2527 1772 2553 *24⁴2

1030 2580 1090 2598 cuni
1106 2571 1215 2607 plerisq.
1234 2580 1296 2598 mss
1313 2579 1454 2600 sermones
1464 2573 1551 2600 vestri
1559 2581 1612 2606 pro
1626 2572 1705 2606 fidei,
1718 2576 1767 2598 etr.

1069 2622 1097 2647 Η
1118 2636 1126 2645 ι·
1153 2621 1185 2647 tt.
1211 2630 1289 2648 roso.
1314 2621 1435 2647 ltallerin.
1454 2621 1469 2647 l.
1493 2630 1514 2647 c⁴
1534 2622 1562 2646 :tt
1585 2629 1734 2655 perperam.
