2244 3183
278 261 329 290 An.
348 260 377 289 C.
394 262 445 289 ⁴49
509 253 551 286 54

479 322 573 354 quam
599 311 715 351 surori;
737 315 948 354 protestantes
971 321 1025 351 ca,
1057 321 1137 353 quae
1161 321 1215 354 per

278 377 463 429 'mmovsmgffia-
479 364 540 396 vim
565 370 750 408 metumque
782 369 951 407 gerentur,
983 364 1213 397 sacramentis¹

278 429 462 477 Frineffmasunr
477 417 635 450 Ecclesiae
669 422 700 450 et
739 417 797 460 ipsi
823 416 974 461 Symbolo
1000 417 1038 449 ab
1064 417 1214 460 apostolis

286 456 386 478 mmm
477 471 620 505 instituto
647 471 657 488 ²
685 471 905 515 praeiudicare
933 481 997 504 non
1022 480 1132 515 posse,
1157 481 1214 504 nec

477 535 508 558 sc
533 524 571 557 ab
596 535 630 557 ea
656 524 719 558 fide
755 524 818 557 ulla
853 524 970 558 iniuria
1006 525 1212 569 separandOS‚

477 587 572 622 quam
599 576 782 620 plenissime
808 578 983 622 expositam
1009 584 1104 622 atque
1128 578 1215 621 dige-

478 636 557 662 stam
572 640 588 661 a
605 629 685 663 Sede
709 629 792 662 leeati
819 631 953 674 apostoli
978 632 1061 665 Petri
1080 632 1116 665 ad
1137 642 1211 665 san-

475 689 558 716 ctam
584 683 740 727 synodum
761 683 957 717 detulissent.
987 684 1081 718 Cuius
1103 684 1114 700 ³
1141 695 1213 718 curn

475 736 630 777 recitatio,
659 736 862 780 poscentibus
886 737 1060 782 episcopis,
1086 748 1149 771 non
1178 738 1215 771 sit

476 789 631 831 admissa,
649 794 683 822 ut
701 789 821 824 scilicet
838 795 958 823 remota
976 801 1012 823 ea
1032 790 1112 832 side,
1133 802 1214 835 quae

476 842 695 887 patriarchas,
730 843 950 887 prophetas⁴,
985 845 1145 887 apostolos
1185 850 1215 877 et

477 901 632 940 martyres
658 896 832 937 coronavit,
860 896 1021 940 generatio
1038 897 1107 930 lesu
1126 898 1214 931 Chri-

477 949 515 983 sti
542 949 668 983 Domini
684 949 783 983 nostri
809 950 986 984 secundum
1018 961 1166 990 earnem,
1184 957 1215 984 et

330 1012 462 1033 incarnatio·
477 1014 570 1036 verae
587 1002 700 1035 mortis
712 1013 748 1035 ac
778 1003 1036 1037 resurrectioni&
1053 1004 1121 1037 eius
1140 1014 1215 1037 con-

277 1039 309 1059 nis
329 1041 462 1059 sacramento

277 1065 463 1112 ffissssiimf'ssffss'riff
478 1056 583 1096 fessio,
598 1056 684 1099 quod
703 1056 869 1089 horremus
879 1057 997 1096 dicere,
1013 1057 1214 1093 solveretur⁶z

277 1108 451 1140 ‹zu-meursium.
477 1109 662 1152 scripsimus
687 1109 725 1142 de
750 1109 809 1142 hac
834 1120 888 1149 re,
915 1115 950 1142 ut
974 1109 1148 1153 potuimus.
1176 1111 1214 1143 ad

477 1163 742 1206 gloriosissimum
767 1163 959 1207 principem,
986 1169 1029 1203 et,
1051 1164 1136 1208 quod
1153 1175 1216 1197 ma-

278 1224 462 1271 afipiiiissfflossiiiiss
477 1216 596 1249 ximum
622 1220 679 1256 est,
706 1216 924 1258 christianum,
952 1217 1041 1249 cuius
1065 1217 1215 1260 epistolae

278 1278 383 1307 exempiar
414 1277 462 1307 rui·
478 1269 596 1312 pariter
620 1269 801 1312 exemplar⁷
817 1269 1024 1310 subiecimus,
1044 1274 1079 1302 ut
1103 1269 1213 1309 sidem,

277 1304 369 1351 {3333
396 1305 462 1325 ⁰⁶⁰¹*
478 1321 509 1354 in
535 1332 598 1364 qua
623 1327 751 1355 renatus
771 1332 826 1366 per
850 1322 904 1355 Dei
929 1321 1063 1364 gratiam
1092 1328 1212 1365 regnat,

476 1373 563 1406 nulla
573 1373 708 1407 sineret⁸
720 1374 857 1407 novitate
868 1374 1046 1418 corrumpi:
1061 1374 1215 1417 quoniam

478 1426 645 1460 Flavianus
681 1428 849 1471 episcopus
881 1427 911 1460 in
937 1433 1045 1461 nostra
1071 1427 1214 1461 omnium

476 1480 704 1514 communione
727 1481 886 1525 persistit,
912 1486 1007 1525 atque
1031 1481 1101 1523 hoc,
1129 1481 1215 1525 quod

277 1542 461 1589 dtil‘ftsstfflssl
476 1536 594 1568 sactum
612 1540 658 1569 est
682 1535 750 1569 sine
774 1535 1028 1569 consideratione
1053 1535 1211 1576 iustitiae,

277 1595 460 1642 ffjssssgsssgggssfi·
476 1593 508 1622 et
532 1593 641 1621 contra
666 1599 795 1622 omnem
812 1600 970 1622 canonum
996 1589 1210 1633 disciplinam,

477 1646 580 1674 ratum
614 1641 722 1674 haberi
744 1641 824 1674 ratio
852 1642 939 1675 nulla
975 1642 1151 1686 permittit:
1184 1648 1214 1675 et.

477 1695 552 1739 quia
575 1694 780 1728 dissensionis
805 1695 992 1729 scandalum
1016 1706 1082 1729 non
1107 1696 1213 1729 ahstu-

512 1814 521 1840 1
546 1825 557 1838 ι
572 1814 614 1841 ΑΙ.
632 1814 747 1843 iuribus
765 1825 787 1840 ».
802 1813 927 1842 Ballerin.
945 1814 962 1841 l.
976 1823 999 1841 c.
1016 1814 1094 1842 Forte
1111 1815 1213 1842 melius.

509 1859 526 1886 2
540 1869 551 1883 «
569 1858 626 1886 Duo
642 1859 702 1886 Vat.
719 1859 869 1887 constituto
885 1871 911 1886 ν).
928 1859 1046 1887 Cacciar.
1063 1861 1081 1887 l.
1100 1868 1124 1887 c.

509 1903 524 1930 3
547 1913 557 1928 ι
580 1903 636 1931 Duo
652 1903 733 1930 iidem
754 1903 833 1930 codd.
848 1904 1018 1939 Cumque».
1044 1904 1121 1931 Caco.
1143 1904 1210 1931 ibid.

473 1947 507 1974 al.
529 1947 667 1982 cuiusque
695 1948 836 1982 recitatio,
863 1948 903 1974 vel
927 1948 1010 1974 cuius
1039 1948 1170 1976 recitatio
1187 1958 1211 1976 ».

474 1991 599 2018 Ballerin.
617 1992 635 2018 l.
654 1999 677 2018 c.

509 2036 524 2062 4
548 2045 560 2059 ι
575 2035 630 2063 Duo
651 2035 709 2062 Vat.
730 2039 756 2064 ct
770 2037 960 2071 prophetas».
977 2036 1096 2063 Caeciar.
1111 2037 1176 2064 ibid.

509 2081 525 2107 5
545 2092 556 2106 «
572 2080 608 2108 Ex
624 2089 721 2115 graeca
738 2081 861 2108 versione
877 2084 902 2108 et
918 2082 1144 2116 reqeneralionis
1163 2082 1212 2117 (κκι

473 2137 512 2155 της
524 2127 698 2158 aua-smmum)
715 2136 738 2152 i).
756 2126 884 2153 Ballerin.
901 2126 919 2152 1.
937 2134 960 2152 c.

509 2171 525 2198 6
544 2182 555 2196 «
570 2172 675 2198 Graeca
691 2170 777 2198 versio
791 2171 866 2198 addit
879 2171 1112 2206 splendidissima
1126 2175 1152 2200 et
1159 2173 1213 2200 cle-

473 2216 650 2244 mentissima
667 2216 793 2243 Domina
807 2215 869 2250 fitia
890 2215 1020 2250 Augusta
1041 2226 1063 2241 n.
1084 2216 1210 2244 Ballerin.

473 2261 524 2287 col.
542 2260 604 2287 923.

509 2306 523 2332 7
537 2315 548 2329 a
560 2305 598 2332 At.
609 2305 750 2339 eaeempla;
762 2304 795 2331 al.
809 2307 835 2331 et
850 2305 1174 2340 eoeemplasubiz'ciemus
1185 2316 1211 2333 η.

475 2348 599 2376 Ballerin.
617 2349 632 2376 l.
656 2357 679 2376 c.

508 2393 524 2420 8
541 2402 553 2419 «
566 2393 702 2424 Quesnell.
726 2402 786 2420 cum
812 2393 872 2421 cod.
889 2393 1002 2421 Taurii).
1017 2395 1095 2422 sinat
1107 2404 1131 2422 J).
1148 2395 1211 2423 Bal-

473 2437 551 2464 lerin.
568 2441 594 2464 et
609 2437 726 2464 Cacciar.
752 2437 781 2464 ll.
797 2446 837 2465 cc.

510 2482 526 2508 9
546 2493 558 2506 α
572 2482 636 2509 Cod.
660 2482 759 2509 Veron.
781 2483 909 2518 abstulit,
933 2486 960 2510 et
982 2484 1060 2519 paulo
1080 2487 1140 2520 post
1159 2493 1213 2512 au-

472 2528 517 2554 xit
536 2538 562 2554 ».
580 2527 705 2554 Ballerin.
721 2527 739 2554 l.
757 2536 780 2554 c.

510 2572 542 2599 10
561 2582 574 2596 «
589 2571 645 2598 Vat.
661 2571 713 2598 630
727 2572 835 2607 Ephesi
857 2584 879 2599 ».
902 2573 1021 2601 Caeciar.
1038 2574 1056 2600 1.
1074 2582 1097 2601 c.

512 2617 539 2643 ¹1
567 2627 578 2640 «
594 2616 633 2643 ΑΙ.
650 2621 856 2650 [feneraverant
871 2628 897 2645 ι.
910 2617 1031 2646 Ballerin.
1050 2618 1068 2645 l.
1081 2618 1214 2646 c.etCac-

474 2659 538 2687 ciar.
560 2668 622 2696 pag.
641 2661 701 2688 186.

1003 261 1162 286 APPENDIX
1182 261 1332 287 BULLARII
1352 261 1474 287 ROMANI

1455 196 1473 205 α.

2016 262 2107 291 Aac.
2133 262 2184 292 449

1248 310 1356 344 tisset⁹
1372 310 1534 355 Ephesina
1550 309 1572 327 ¹⁰
1589 310 1740 355 synodus,
1757 311 1810 345 sed
1829 311 1986 351 auxisset,

1249 362 1396 397 habendo
1420 363 1503 396 intra
1527 364 1651 398 Italiam
1677 364 1813 398 concilio
1838 370 1866 398 et
1897 365 1987 398 locus

1249 416 1496 450 constitueretur
1519 423 1548 450 ct
1573 422 1711 461 tempus,
1738 417 1887 450 omnibus
1911 428 1987 461 que-

1249 469 1322 502 relis
1347 475 1378 502 et
1402 470 1606 513 praeiudiciis
1628 469 1728 514 partis
1747 470 1913 513 utriusque
1936 481 1987 503 su-

1248 522 1391 566 spensis:
1416 533 1480 566 quo
1500 522 1684 566 diligentius
1709 523 1875 564 universa,
1904 533 1987 566 quae

1249 575 1456 609 offensionem
1478 581 1708 619 generaverunt
1726 575 1766 617 ⁴¹,
1798 580 1988 609 rectracten-

1249 634 1310 669 tur,
1338 634 1369 662 et
1393 629 1511 673 absque
1536 631 1665 662 vulnere
1690 628 1776 668 fidei⁷
1803 629 1923 672 absque
1940 639 1987 662 re-

1248 681 1530 725 ligionisiniuria¹²
1545 682 1576 714 in
1589 693 1699 726 pacem
1715 681 1830 716 Christi
1845 681 1988 723 redeant,

1249 736 1302 778 qui
1325 746 1381 779 per
1405 735 1625 779 impotentiam
1645 734 1666 751 ¹⁸
1690 734 1892 768 subscribere
1916 745 1988 768 coa-

1249 788 1289 821 cti
1307 794 1380 822 sunt
1398 789 1590 828 sacerdotes,
1609 794 1640 822 et
1656 788 1712 822 soli
1735 788 1920 821 auferantur
1939 798 1987 821 er-

1249 851 1348 874 rores.

1292 895 1362 929 cip.
1390 895 1439 929 tlt.
1466 894 1555 933 Quod
1574 900 1609 928 ut
1630 895 1774 929 obtinere
1792 905 1984 936 mereamur,
2050 906 2184 928 Paterni-iam

1248 948 1490 991 probatissimae
1520 948 1611 982 nobis
1635 948 1707 982 fidei
1733 948 1753 965 ¹⁴
1778 948 1878 992 pietas
1911 953 1983 989 tua,
2001 934 2184 989 ‘riissribssissss'ffl‘i

1248 1001 1358 1044 quac¹⁵
1375 1001 1501 1035 labores
1511 1002 1670 1035 Ecclesiae
1680 1012 1806 1045 semper
1821 1000 1982 1043 adiuvitffl,
1999 987 2184 1034 iieffiti'rfmam

1248 1054 1515 1098 supplicationem
1541 1060 1682 1088 nostram
1708 1054 1792 1098 apud
1811 1054 1987 1088 clementis-

1249 1107 1365 1139 simum
1384 1107 1572 1152 principem,
1594 1108 1652 1141 sibi
1673 1107 1853 1152 specialiter
1877 1118 1894 1140 a
1913 1108 1987 1141 bea-

1250 1160 1371 1193 tissimo
1389 1160 1482 1194 Petro
1502 1161 1815 1205 apostololegatione
1839 1160 1986 1195 commis-

1249 1224 1304 1254 sa,
1332 1214 1480 1257 dignetur
1514 1225 1672 1248 asserere:
1709 1221 1768 1255 ut,
1799 1214 1986 1259 priusquam

1250 1266 1338 1300 civile
1355 1267 1416 1301 hoc
1441 1273 1472 1300 et
1497 1267 1620 1301 exitiale
1645 1267 1665 1284 ¹⁷
1688 1267 1806 1301 bellurn
1831 1268 1914 1302 intra
1930 1268 1987 1301 Ec-

1249 1320 1376 1353 clesiam
1413 1321 1638 1361 convalescat,
1678 1320 1943 1366 redintegrandae
1965 1319 1988 1338 ¹⁸

1249 1373 1377 1407 unitatis
1401 1373 1526 1418 copiam
1551 1373 1583 1414 ¹⁹,
1609 1375 1673 1408 Deo
1697 1374 1885 1416 auxiliante,
1913 1383 1987 1407 con-

1249 1426 1357 1467 cedat;
1377 1427 1479 1460 sciens
1504 1427 1629 1471 imperii
1655 1426 1703 1460 sui
1732 1427 1850 1461 viribus
1877 1426 1987 1471 prosu·
2001 1436 2184 1469 cathoiieatefidqt

1249 1484 1367 1520 turum,
1395 1479 1551 1524 quiequid
1577 1480 1751 1514 catholicae
1774 1480 1912 1514 libertati
1931 1463 2185 1519 be-iii'ssiitiuiffif'm

1247 1532 1343 1575 nigna
1362 1532 1461 1576 ipsius
1477 1533 1572 1567 fuerit
1591 1533 1798 1577 dispositione
1819 1534 1983 1567 collatum.

1291 1586 1369 1619 Data
1394 1587 1484 1620 tertia
1513 1587 1585 1620 idus
1613 1586 1755 1620 octobris
1783 1586 1828 1628 ²⁰,
1860 1586 1986 1620 Asturio

1248 1647 1278 1674 et
1291 1641 1469 1683 Protogene
1491 1640 1565 1673 viris
1581 1639 1766 1673 clarissimis
1786 1640 1982 1673 consulibus.

1283 1702 1340 1730 Dat.
1360 1701 1390 1729 13
1410 1702 1529 1730 octobris
1549 1710 1593 1729 an.
1615 1702 1677 1729 449.

1281 1813 1315 1840 12
1332 1823 1343 1839 α
1357 1813 1399 1841 ΑΙ.
1416 1813 1542 1848 infamia
1554 1824 1578 1841 ι).
1599 1813 1723 1841 Ballerin.
1744 1817 1771 1842 et
1785 1814 1903 1842 Caeciar.
1918 1813 1984 1842 ibid.

1246 1864 1326 1890 Forte
1342 1863 1405 1890 mel.
1423 1871 1449 1889 n.
1466 1863 1557 1890 lectio.

1282 1917 1314 1944 13
1335 1928 1346 1939 a
1365 1917 1403 1944 At.
1422 1917 1591 1951 potentiam,
1603 1917 1644 1944 vel
1661 1916 1903 1952 impudentiam».
1920 1917 1987 1944 Cac-

1246 1966 1310 1993 ciar.
1332 1967 1349 1992 l.
1368 1974 1390 1993 c.
1407 1965 1457 1993 Sed
1479 1966 1647 2002 impotentia,
1665 1966 1708 1993 hic
1730 1967 1797 1994 scite
1817 1970 1910 1994 notant
1925 1966 1986 1994 Bal-

1246 2014 1323 2041 lerin.
1339 2014 1356 2043 l.
1380 2023 1416 2049 c.,
1435 2023 1484 2050 pro
1502 2015 1680 2043 immoderata
1695 2015 1814 2051 potentia
1828 2015 1898 2051 apud
1913 2015 1986 2051 opti-

1246 2072 1305 2091 mae
1321 2067 1399 2091 notae
1414 2064 1560 2100 scriptores
1575 2065 1698 2092 adhiberi
1712 2065 1788 2093 solet.

1282 2118 1313 2144 it
1332 2127 1344 2141 α
1358 2117 1427 2153 Atiq.
1442 2117 1501 2144 cod.
1518 2117 1592 2144 addit
1611 2117 1654 2145 hic
1673 2119 1821 2146 veritatem
1836 2126 1862 2145 ›³.
1885 2117 1983 2146 Baiter.

1246 2162 1297 2189 col.
1318 2162 1371 2189 9⁶24
1386 2166 1413 2189 et
1427 2161 1546 2189 Cacciar.
1568 2162 1586 2188 l.
1602 2170 1626 2189 c.

1282 2215 1314 2243 15
1333 2226 1344 2239 «
1361 2215 1400 2242 At.
1414 2224 1544 2251 quaeque
1560 2226 1585 2242 i».
1603 2216 1729 2243 Ballerin.
1744 2215 1810 2243 ibid.
1824 2217 1983 2253 Perperam,

1246 2263 1275 2286 ut
1290 2260 1404 2287 videtur.

1280 2314 1314 2340 ’16
1336 2323 1347 2339 α
1359 2314 1398 2341 ΑΙ.
1411 2314 1531 2342 adiuvat
1544 2323 1567 2341 ».
1585 2313 1710 2343 Balterin.
1722 2317 1749 2342 et
1762 2314 1880 2342 Caeciar.
1897 2314 1926 2342 ll.
1943 2322 1983 2342 cc.

1282 2368 1312 2394 17
1337 2378 1349 2391 u
1365 2367 1403 2394 ΑΙ.
1422 2368 1571 2395 e.1·itiabite
1586 2379 1611 2395 ».
1629 2368 1747 2395 Cacciar.
1767 2368 1833 2395 ibid.

1282 2422 1313 2449 18
1336 2433 1347 2446 «
1362 2422 1401 2450 ΑΙ.
1419 2423 1663 2458 redintegrationi
1682 2433 1708 2450 ».
1725 2422 1851 2451 Ballerin.
1868 2423 1886 2450 1.
1907 2431 1931 2451 c.

1282 2476 1314 2503 19
1333 2486 1345 2500 «
1367 2477 1407 2503 ΑΙ.
1431 2477 1542 2511 copiam
1561 2480 1588 2505 et
1614 2477 1772 2505 modum».
1803 2476 1930 2504 Ballerin.
1958 2480 1986 2505 et

1246 2519 1364 2547 Cacciar.
1386 2519 1453 2547 ibid.

1281 2573 1316 2600 ΞΟ
1330 2574 1370 2600 Ita
1385 2582 1445 2601 cum
1461 2574 1519 2601 aliis
1534 2578 1561 2602 et
1576 2573 1651 2601 Jatre.
1672 2584 1685 2600 «
1696 2574 1767 2601 Edit.
1788 2574 1984 2606 Quesnellanae

1246 2617 1395 2645 anteriores
1415 2619 1492 2653 prid.
1510 2619 1550 2646 id.
1567 2619 1671 2647 octobr.
1689 2629 1701 2643 n
1725 2618 1854 2646 Ballerin.
1870 2619 1888 2646 l.
1903 2627 1927 2646 c.
1943 2619 1983 2647 At.

1247 2662 1318 2699 apud
1332 2662 1452 2691 Caeciar.
1469 2670 1530 2699 pag.
1550 2663 1601 2691 186
1620 2663 1688 2693 idib.
1705 2663 1807 2692 octobr.

2216 2085 2224 2096 ι

2224 3073 2244 3183 “ὴ·ᾼ
2228 3042 2244 3073 -
2229 2994 2244 3042 Ε
2230 2928 2244 2989 §aa
2230 2811 2244 2924 affl
2232 2713 2244 2809 -gffl
2233 2673 2244 2710 -«-,.-
2232 2589 2244 2672 ἥκω
2234 2321 2244 2587 νίμῑειὶ-Α-π--δῑ--ο--Ὓ
2235 2398 2237 2415 m
2236 2384 2237 2395 ⁴
2237 2333 2238 2336 Α
2237 2183 2244 2322 ‘Q
2237 2296 2238 2299 Α
2237 2281 2238 2291 ⁴
2241 2076 2244 2182 ψᾼ
2243 2062 2244 2071 ⁴⁴
