2244 3183
250 240 298 266 An.
321 240 350 266 C.
368 240 417 267 477

276 304 320 326 Qut·
337 302 373 321 tim
386 308 433 321 ron·

249 330 295 349 silit·
318 328 434 348 mlxvi-<na-

250 358 287 375 ΙΝ.

301 992 435 1018 linpvi‘aturis

251 1025 315 1039 causa·
329 1025 375 1039 cuni
387 1018 435 1038 littei

251 1052 316 1066 rausa
349 1052 436 1066 coninu-

250 1075 284 1091 ‹·t.t

292 1739 348 1759 llaec
364 1740 435 1766 itaque

251 1767 301 1785 totis
313 1766 436 1788 1111110511οι

252 1792 363 1814 tendenda.

482 230 547 263 ⁹214

451 299 602 322 mensura
619 288 765 327 libretur,
789 287 932 331 profecto
953 287 1117 320 evidenter
1138 298 1193 331 ap-

449 347 550 385 paret,
574 341 645 374 idco
668 339 674 356 ¹
701 340 900 384 perfidorum
920 340 1087 384 irrepsisse
1111 351 1188 384 per-

448 395 576 435 niciem,
609 401 644 428 ut
673 394 753 428 fides
782 394 971 427 clementiae
998 400 1068 427 tuae
1094 394 1190 427 etiam

450 449 532 481 iuter
550 448 682 481 adversa
702 447 908 491 probaretur,
924 453 1110 490 quantoque
1125 458 1191 480 ma-

449 502 495 543 gis
514 502 609 535 rebus
630 501 737 542 urgeri
753 501 939 533 crederetur
953 500 1086 542 infestis,
1103 506 1189 534 tanto

449 555 565 589 clarius
586 560 692 588 vestra
713 554 962 597 magnanimitas
984 554 1188 587 immineret:

449 615 544 653 atque
566 609 606 642 ob
627 609 688 642 1100
721 608 976 642 mansuetudiiiis
1003 614 1126 641 vestrae
1152 608 1189 641 de

449 663 806 707 Constantinopolitana
826 663 905 696 urbe
926 662 1110 706 provenisse
1142 661 1189 694 di-

449 726 603 755 scessum,
620 722 651 749 ut
667 716 890 749 universorum
913 715 1078 749 desideriis
1097 726 1190 758 expe-

452 769 611 812 titigloria
640 769 761 802 maiore
775 769 934 809 rediretis,
950 774 982 801 ut
1004 779 1039 801 ex
1062 774 1189 801 eontra-

453 823 575 855 riorum
587 822 753 866 periculis,
765 823 852 866 quod
868 822 899 854 in
909 822 997 854 vobis
1012 827 1103 862 esset,
1115 832 1191 854 cun-

453 877 510 909 ctis
531 876 608 909 utile
627 882 823 909 nosceretur.
848 875 1015 909 Davidicae
1036 875 1189 908 nimirum

452 930 536 963 illius
557 930 682 963 virtutis
700 930 858 973 exemplo,
883 940 946 973 qua
963 929 1115 971 singulari
1136 940 1192 972 pa-

454 983 562 1016 tientia
583 984 699 1017 cedens
720 984 899 1027 paullulum
915 982 1076 1016 furoribus
1090 983 1191 1026 parri-

452 1037 565 1077 cidae,
590 1037 743 1070 continuo
773 1037 937 1069 victoriam
964 1035 1189 1080 ι·’1101111101’11111

453 1090 603 1134 precibus
619 1091 809 1134 imploratus
822 1090 1056 1133 praestantiore
1076 1090 1087 1105 ³
1108 1089 1192 1121 sasti-

451 1144 502 1185 gio
514 1150 555 1177 est
571 1154 715 1177 reversus
728 1144 757 1175 in
773 1154 919 1185 regumn.
937 1144 1069 1175 Laetare
1083 1143 1188 1185 igitur,

450 1197 642 1230 venerabilis
661 1197 847 1240 imperator,
871 1207 926 1230 005
940 1196 1035 1229 fuisse
1051 1202 1121 1229 tuos
1135 1196 1192 1229 110-

450 1256 525 1291 stes,
560 1251 614 1295 qui
644 1251 817 1283 extiterunt
841 1250 1019 1283 Divinitatis
1045 1249 1187 1282 inimici:

450 1310 546 1348 atque
565 1305 574 1321 ⁴
596 1304 699 1346 gaude
720 1315 792 1337 cum
811 1303 951 1337 Ecclesia
972 1303 1145 1343 laborasse,
1163 1309 1192 1336 et

451 1369 523 1390 cum
546 1357 621 1391 fidei
647 1357 823 1390 catholicae
848 1356 994 1389 libertate
1020 1355 1190 1399 imperium

453 1410 670 1447 1·0511111111111·”·,
688 1415 783 1454 atque
799 1416 831 1442 ut
851 1409 882 1442 in
897 1410 1048 1442 omnibus
1062 1409 1188 1449 doceas,

450 1475 578 1497 causam
598 1464 653 1497 tibi
672 1475 743 1497 cum
776 1465 840 1497 Deo
871 1475 939 1497 esse
965 1474 1189 1504 communem,

450 1518 541 1551 cuius
561 1519 571 1534 ⁰
592 1528 653 1562 ope
675 1517 809 1550 viriliter
826 1518 926 1550 fretus
947 1517 1068 1557 insiste,
1090 1522 1194 1560 utper

454 1582 549 1615 quem
565 1571 713 1615 publicos
733 1571 939 1604 incubatores
953 1570 1111 1614 subegit⁷,
1134 1571 1192 1604 Ec-

454 1625 569 1658 clesiae
596 1635 725 1669 quoque
755 1625 895 1669 depellat
915 1630 1077 1669 tyrannos.
1106 1624 1194 1658 Sicut

452 1678 537 1712 enim
558 1678 658 1722 pietas
680 1684 783 1711 vestra
805 1678 920 1711 merito
941 1684 1091 1722 reeteque
1111 1688 1190 1711 con-

452 1733 533 1772 tidit,
555 1733 610 1765 illo
631 1743 689 1765 nos
713 1739 857 1776 tempore
885 1732 965 1764 nihil
986 1732 1073 1765 aliud
1093 1732 1191 1765 Deum

453 1792 598 1819 nostrum
618 1786 808 1830 suppliciter
829 1785 1016 1830 implorare,
1038 1796 1135 1830 quam
1159 1791 1194 1819 ut.

451 1840 544 1873 nobis
572 1840 708 1873 Romani
733 1840 860 1883 imperii
881 1840 1056 1884 praesules,
1084 1840 1194 1884 quales

451 1894 721 1938 nuneloquimur,
737 1894 960 1933 redderemur3
978 1893 1020 1926 ita
1034 1893 1192 1937 expectari

451 1947 565 1988 cernis,
600 1952 635 1980 ut
665 1946 851 1980 huiusmodi
875 1957 930 1979 ros
956 1957 1023 1980 esse
1048 1947 1191 1990 ipsorum

450 2006 579 2034 actuum
607 2000 762 2044 qualitate
793 2000 989 2033 monstretis.
1020 2000 1189 2044 Respicite,

451 2064 582 2098 quaeso,
607 2059 760 2096 augustae
781 2053 958 2086 memoriae
979 2053 1132 2086 Marciani
1147 2060 1193 2086 at-

451 2119 512 2152 que
543 2107 658 2141 Leonis
685 2107 773 2140 omni
806 2108 926 2140 mundo
960 2108 1193 2151 conspicuam*

451 2161 608 2194 catholica
629 2161 799 2194 devotione
820 2160 1055 2201 constantiam,
1083 2166 1114 2194 et
1137 2171 1190 2194 sa-

452 2214 535 2247 lubri
557 2214 816 2248 consideratione
836 2214 1038 2258 perpendite,
1067 2224 1140 2247 cum
1162 2214 1192 2246 in

452 2268 565 2301 eodem
587 2268 660 2301 loco
674 2273 758 2301 stare
772 2268 987 2312 nequiverint,
1008 2267 1062 2312 qui
1081 2268 1119 2301 ab
1138 2278 1193 2302 eo-

488 2377 497 2403 1
519 2376 590 2403 l¹lur.
612 2385 656 2403 nn.
675 2376 752 2403 codd.
770 2379 795 2404 et
807 2377 877 2404 ideo.

486 2417 502 2443 ⁶2
523 2416 627 2443 Contin.
643 2416 733 2444 Const.
761 2417 776 2443 l.
801 2425 824 2443 c.
852 2426 911 2444 cum
939 2417 1017 2445 codd.
1036 2417 1092 2444 Vat.
1116 2417 1193 2450 1344,

451 2457 531 2491 5617,
548 2457 682 2485 continuo
699 2458 789 2485 victor
803 2458 864 2485 iam
878 2459 1050 2493 populorum
1063 2458 1195 2494 precibus

451 2497 636 2531 imploratus.

487 2538 503 2563 3
518 2536 584 2564 Cod.
607 2536 661 2563 vat.
681 2538 749 2564 1344
765 2538 990 2571 praestantiori.

488 2577 504 2603 li
524 2576 598 2604 Cont.
621 2578 712 2604 Const.
730 2578 747 2604 l.
769 2587 792 2605 0.
814 2581 841 2605 et
860 2578 895 2605 al.
912 2578 970 2605 cod.
995 2581 1077 2613 leque
1091 2578 1193 2613 qando.

453 2612 548 2640 Melius
567 2612 683 2640 videtur.

488 2653 504 2681 5
524 2652 587 2680 eod.
608 2653 667 2680 Vat.
688 2652 754 2680 1344
770 2653 894 2689 imperio
910 2654 1088 2683 resticulum.

975 240 990 261 Α
996 239 1135 263 I'PENDIX
1152 239 1304 264 BULLARII
1324 240 1445 265 ROMANI

1227 299 1297 321 rum
1321 288 1513 322 rectitudine
1534 287 1712 328 deviarunt,
1746 297 1962 321 successorem

1225 341 1332 383 regiae
1354 341 1516 385 potestatis
1536 340 1727 382 legitimum,
1751 350 1787 372 ac
1812 340 1963 373 divinitus

1225 395 1413 427 attributum
1435 405 1507 427 cum
1530 396 1595 427 t'ore
1616 393 1683 426 sine
1709 393 1819 430 dubio,
1844 393 1899 436 qui
1924 394 1962 425 il-

1225 447 1329 480 lorum
1359 447 1432 480 fidei
1459 446 1632 491 perstiterit
1660 446 1814 479 imitator.
1849 446 1961 484 Debes,

1224 501 1452 545 gloriosissime
1475 506 1505 533 et
1525 499 1773 533 clementissime
1794 499 1838 531 fili
1860 499 1963 543 impe-

1225 560 1321 593 rator,
1350 558 1503 595 augustae
1526 552 1702 586 memoriae
1730 558 1891 586 tantorum
1913 552 1961 585 vi-

1225 619 1333 641 rorum
1357 607 1532 651 talitunquc
1553 607 1776 647 reverentiam,
1802 607 1899 640 debes
1919 606 1965 639 vi-

1225 673 1276 695 ces
1296 663 1306 678 ²¹
1328 661 1515 694 muneribus
1541 660 1607 694 Dei.
1640 661 1694 694 Ille
1717 666 1745 693 10
1766 661 1806 694 ad
1831 660 1964 693 istorum

1225 714 1349 748 reduxit
1370 714 1562 758 imperium:
1595 720 1627 747 tu
1654 715 1718 748 Deo
1740 713 1807 747 istis
1827 713 1964 747 similem

1225 769 1324 801 redde
1356 767 1556 801 famulatum.
1585 767 1622 800 Et
1647 767 1723 810 quia
1749 767 1846 807 haec,
1869 767 1965 801 beato

1225 822 1370 865 apostole
1391 821 1527 854 docente
1548 830 1606 854 nos
1632 821 1737 862 Petro,
1763 831 1835 853 mea
1860 830 1963 864 nuper

1226 875 1405 908 humilitate
1430 874 1658 919 praedicante,
1690 874 1828 907 refutata
1852 879 1926 907 sunt
1949 884 1966 906 a

1226 929 1357 969 casuris,
1380 929 1443 962 Deo
1464 929 1598 969 fautore,
1626 927 1798 972 proficiant
1818 927 1850 960 in
1874 927 1965 970 regni

1225 983 1384 1016 soliditate
1407 982 1577 1016 mansuris.
1601 983 1667 1024 Ego
1688 981 1819 1026 quidem
1841 982 1961 1022 literis,

1226 1047 1305 1080 quas
1323 1042 1426 1069 vestra
1444 1035 1615 1069 clementia
1636 1035 1822 1075 destinavit,
1849 1035 1966 1079 pignus

1228 1089 1420 1122 immensum
1434 1088 1454 1105 ¹⁰
1468 1089 1668 1122 venerandae
1683 1087 1901 1130 religiositatis
1915 1098 1966 1121 ac-

1226 1142 1358 1186 cipiens,
1389 1149 1416 1175 et
1443 1141 1561 1184 ingenti
1584 1141 1797 1184 gratulatione
1828 1141 1962 1185 respiro,

1227 1202 1256 1229 et
1277 1196 1409 1229 omniuo
1431 1206 1495 1228 non
1514 1195 1642 1237 ambigo
1664 1201 1803 1228 mentem
1829 1200 1964 1228 vestram

1228 1250 1258 1282 in
1279 1250 1374 1282 rebus
1395 1249 1511 1282 divinis
1531 1254 1692 1291 gesturam
1718 1249 1813 1291 longe
1839 1248 1967 1292 potiora

1227 1314 1325 1347 quam
1346 1303 1455 1347 cupio:
1477 1303 1531 1336 scd
1561 1302 1622 1336 mei
1653 1302 1907 1344 1110111010111011,
1935 1303 1967 1336 in

1227 1357 1308 1389 lianc
1333 1362 1456 1400 partem
1478 1356 1680 1390 clementiam
1701 1361 1786 1389 tuam
1809 1356 1880 1390 ideo
1894 1367 1968 1400 pro-

1227 1411 1340 1444 lixiore
1360 1411 1473 1444 liortor
1493 1411 1647 1454 alloquio,
1672 1411 1747 1454 quia
1773 1410 1901 1454 imperii
1920 1410 1966 1444 tui

1227 1465 1350 1508 pariter
1375 1470 1403 1497 et
1429 1464 1541 1497 salutis
1566 1464 1693 1505 affectu,
1723 1464 1784 1497 illis
1810 1469 1838 1497 10
1864 1464 1968 1498 causis

1228 1518 1397 1551 inhaerere
1427 1528 1557 1561 semper
1588 1523 1724 1561 exopto,
1755 1517 1872 1560 quibus
1891 1517 1967 1550 solis

1227 1577 1257 1605 et
1276 1571 1454 1615 praesentis
1476 1570 1566 1614 regni
1586 1571 1743 1604 stabilitas
1764 1570 1964 1611 custoditur,

1227 1631 1257 1658 ct
1277 1625 1398 1659 aeterni
1418 1625 1520 1667 gloria
1541 1629 1759 1668 comparatur.
1783 1625 1872 1657 Unde
1893 1629 1967 1657 ante

1227 1679 1336 1712 onmia
1355 1689 1483 1723 precor,
1515 1684 1547 1711 ut
1580 1678 1829 1712 Alexandrinam
1852 1678 1963 1712 Eccle-

1227 1733 1305 1766 siam
1327 1743 1391 1766 non
1413 1733 1550 1765 minusa
1564 1733 1701 1773 funesto,
1726 1742 1822 1776 quam
1837 1732 1966 1765 111111110-

1229 1787 1327 1821 retico
1359 1797 1530 1831 pervasore
1557 1785 1746 1819 clementiae
1766 1791 1888 1819 vestrae
1913 1786 1964 1819 di—

1227 1840 1458 1885 spositionibus
1478 1839 1659 1879 liberatam,
1680 1838 1839 1872 catholico
1861 1850 1897 1872 ac
1917 1839 1965 1872 le-

1228 1895 1341 1938 gitimo
1365 1894 1489 1928 restitui
1510 1893 1665 1926 censeatis
1685 1892 1829 1933 antistiti;
1858 1892 1968 1937 eisquc

1228 1949 1334 1989 etiam,
1359 1959 1440 1993 quos
1461 1947 1642 1981 temeritate
1657 1946 1817 1980 diabolica
1836 1947 1968 1980 diversis

1227 2002 1369 2036 ccelesiis
1397 2001 1562 2035 ordinasse
1581 2000 1780 2045 perhibetur,
1808 2000 1916 2033 eiectis
1932 1998 1963 2040 ⁴¹,

1227 2062 1332 2090 rectae
1352 2055 1427 2089 fidei
1448 2054 1617 2097 subrogari
1631 2053 1829 2087 constituatis
1842 2053 1966 2098 episco-

1227 2120 1295 2154 pos:
1319 2114 1354 2142 ut
1374 2109 1456 2142 sicut
1473 2107 1708 2152 rempublicam
1728 2112 1864 2140 vestran]
1885 2118 1903 2139 a
1923 2112 1968 2151 ty-

1228 2163 1360 2196 rannica
1373 2162 1593 2196 dominatione
1603 2160 1773 2205 purgastis,
1791 2160 1834 2193 ita
1847 2159 1967 2204 ubique

1227 2216 1399 2250 Ecclesiam
1421 2215 1474 2249 Dei
1489 2216 1529 2248 ab
1542 2215 1780 2248 haereticorum
1792 2213 1968 2247 latrociniis

1228 2275 1323 2314 atque
1354 2269 1509 2311 contagiis
1541 2267 1681 2307 exuatis3
1709 2278 1768 2300 nec
1804 2267 1835 2300 id
1860 2266 1967 2310 potius

1263 2378 1279 2404 6
1291 2376 1366 2403 Cont.
1379 2375 1470 2403 Const.
1483 2383 1543 2402 cum
1553 2374 1650 2410 plurib.
1663 2382 1707 2400 nn.
1716 2373 1794 2401 codd.
1805 2373 1876 2400 eius.
1887 2372 1968 2400 Recte

1228 2413 1347 2448 quidem.

1264 2453 1278 2479 7
1295 2452 1334 2479 Al.
1356 2451 1416 2479 cod.
1437 2451 1553 2486 subigit.

1263 2493 1279 2520 8
1299 2492 1365 2520 eod.
1386 2493 1448 2519 Vat.
1471 2491 1537 2518 1314
1553 2489 1615 2518 add.
1632 2490 1674 2518 in.

1262 2533 1279 2560 9
1300 2533 1356 2560 Duo
1371 2540 1416 2559 nn.
1435 2531 1514 2559 codd.
1531 2531 1630 2558 vicem.

1265 2574 1297 2600 10
1313 2573 1376 2600 Cod.
1399 2581 1425 2599 n.
1445 2571 1512 2599 1344
1531 2572 1690 2599 immensae
1705 2568 1880 2598 venerandae
1896 2569 1968 2597 reli-

1228 2613 1332 2649 qionis.
1355 2613 1510 2648 Per-peram.

1266 2655 1294 2680 11
1319 2652 1382 2681 eod.
1400 2653 1445 2680 cit.
1465 2651 1532 2679 1344γ
1548 2651 1668 2680 reiectis.

1995 239 2043 265 An.
2065 238 2093 265 C.
2109 238 2158 266 477

2013 513 2049 533 Sic
2065 513 2103 534 Dei
2119 519 2161 534 11111-
2211 517 2225 533 ,’

1978 540 2063 560 niuibus
2077 545 2161 566 respon·

1979 566 2077 587 den-lum.

2008 993 2035 1013 Ex
2053 993 2163 1016 iii-perato-

1981 1019 2009 1039 ris
2024 1020 2100 1049 litterius
2110 1021 2164 1046 epti-

1980 1052 2012 1067 11111
2032 1048 2163 1072 auspicatur.

2007 1684 2059 1705 l'ctit
2073 1684 2134 1710 igitur
2145 1685 2165 1704 nt
2195 1675 2238 1709 ’ζέ

1982 1711 2092 1732 Alexandr.
2109 1710 2165 1731 lici-l.
2208 1709 2238 1739 j*

1982 1738 2074 1764 legitimo
2085 1737 2166 1758 autisti-
2199 1757 2207 1762 ,
2224 1739 2238 1763 ⁵}

1982 1765 1997 1785 ti
2013 1765 2147 1788 restituatur.
2204 1764 2205 1767 ’
