2244 3183
253 228 303 256 An.
322 228 352 256 C.
368 229 420 256 ⁴8⁶2.

278 451 389 476 Siquidem

252 477 284 497 »lu
291 478 360 497 iduum
369 478 437 497 Tritu-

260 518 264 523 .
284 510 316 524 eui
326 504 438 524 dissolvet}

251 531 284 554 do,
297 530 352 551 neus
367 536 438 551 nunic-

252 564 275 577 ro
290 558 411 578 suburttur.

277 983 311 1002 Ast
325 982 402 1003 Patris.
415 984 436 1002 et

252 1008 435 1034 FiliuetSpiritus

250 1036 324 1056 saneti
336 1042 376 1056 una
387 1036 435 1056 Dei-

484 220 547 253 2⁶28

452 279 542 311 bitur
559 279 647 311 alius
661 280 704 311 ad
724 290 794 312 eum
814 281 834 312 ¹.
851 279 1007 313 Similiter
1028 285 1058 312 et
1078 279 1190 312 Domi-

451 344 520 366 nus:
535 334 573 366 Ut
584 338 774 376 eoquoscant
787 338 815 365 le
825 333 929 366 solnm
939 333 1161 365 1¹6⁷·nntDettm
1169 332 1189 366 ².

451 387 593 430 Cumque
607 387 765 431 ¹<criptura
782 387 977 421 individuam
987 387 1194 419 Trinitatem³

409 439 629 484 112-praedicet‚
650 445 681 473 tu
702 445 733 473 et
753 440 802 480 bi,
829 440 881 483 qui
902 446 974 472 ante
996 446 1025 472 te
1047 441 1190 481 suerunt,

452 493 709 534 haeresiarchae,
727 499 789 526 tres
800 495 877 527 deos
895 494 1112 536 dogmatizare
1125 494 1194 527 ausi

453 546 539 586 esti&
569 547 667 579 alium
689 546 820 590 quidem
852 547 993 580 direntes
1016 547 1115 580 Deum
1137 547 1195 579 Pa-

453 605 533 633 trem
558 605 687 643 praeter
706 600 835 640 Filium,
859 606 885 633 et
908 600 1006 633 alium
1031 601 1130 633 Deum
1146 600 1195 633 Fi-

450 652 529 685 lium
559 659 687 697 praeter
718 654 861 694 Patrem,
891 664 1066 696 rursusque
1095 653 1193 686 alium

450 708 549 740 Deum
569 707 723 751 Spiritum
746 708 897 741 Sanctum
917 712 1045 750 praeter
1066 707 1193 740 Patrem

451 766 481 793 et
495 760 627 801 Filiumg
646 767 741 804 atque
759 761 856 793 alium
877 761 1007 804 quidem
1024 760 1194 793 mortalem

451 819 482 847 et
501 814 626 847 noviter
643 815 798 857 genitum,
820 814 918 847 alium
931 824 1006 847 vero
1025 819 1192 846 aeternum

451 872 549 910 atque
579 868 807 900 immortalem.
838 869 871 901 In
894 867 941 900 his
963 873 1070 900 autem
1092 867 1194 901 noxiis

450 921 556 954 verbis
575 922 635 955 tuis
649 922 811 955 contraria
825 922 944 955 sentire
966 922 1010 954 vis
1030 922 1191 963 Patribus,

451 975 505 1019 qui
527 975 558 1008 in
579 975 706 1016 Nicaea,
732 981 763 1009 et
788 976 843 1019 qui
865 975 896 1008 in
918 975 1195 1019 Constantinopoli

451 1033 547 1072 atque
576 1028 777 1062 Chalcedone
802 1034 1043 1069 convenerunt,
1079 1029 1133 1073 qui
1166 1034 1196 1062 et

450 1081 694 1114 substantialem
707 1082 716 1098 ⁴
738 1082 944 1121 roborarunt,
966 1087 997 1115 et
1015 1092 1111 1114 unam
1125 1082 1195 1115 Dei-

450 1140 548 1168 tatem
574 1135 675 1168 Patris
705 1142 734 1168 et
766 1135 835 1168 Filii
860 1135 1034 1178 Sanetique
1059 1135 1195 1179 Spi1·itus

450 1188 689 1231 praedicarunt,
714 1194 810 1232 atque
833 1189 899 1221 Arii
920 1188 1094 1221 amentiam
1120 1199 1195 1221 eon-

451 1241 614 1274 suderunt.
639 1242 678 1274 At
697 1252 774 1274 rero
796 1247 829 1274 tu
843 1241 875 1274 in
896 1241 1036 1275 Ecclesia
1053 1252 1149 1275 ausus
1163 1252 1195 1275 es

451 1294 570 1332 dicere,
602 1295 687 1338 quod
709 1305 793 1328 unus
814 1295 973 1328 increatae
993 1300 1089 1339 atque
1110 1295 1194 1328 indi-

450 1348 565 1381 viduae
585 1348 748 1382 Trinitatis
765 1349 947 1392 passionem
960 1349 1076 1390 subiit3
1093 1355 1195 1393 etper

448 1401 511 1434 hoe
531 1402 839 1435 consubstantialem
860 1413 990 1446 quoque
1007 1403 1131 1436 solvere
1144 1403 1195 1436 ni-

450 1455 538 1496 teris,
555 1466 591 1488 ao
607 1448 708 1488 Deum
722 1456 881 1489 subiicere
895 1467 1044 1490 numero.
1062 1457 1093 1490 Si
1108 1457 1194 1490 enim

448 1519 532 1542 unus
550 1514 679 1542 sanetae
699 1509 860 1543 Trinitatis
874 1515 905 1543 et
919 1516 1119 1552 coaeternus,
1140 1511 1194 1555 qui

450 1563 621 1595 crucifixus
641 1568 689 1596 est
704 1564 798 1604 Deus,
816 1564 896 1597 hocf
914 1569 961 1597 est
979 1564 1098 1602 Filius;
1121 1570 1195 1598 sunt

450 1621 557 1649 autem
585 1616 649 1649 duo
678 1623 807 1650 sanetae
837 1617 1017 1659 Trinitatis,
1048 1618 1141 1651 Pater
1166 1624 1196 1651 et

449 1669 587 1713 Spiritus
601 1669 755 1710 Sanetus;
782 1670 934 1703 dicuntur
955 1677 1060 1704 autem
1082 1671 1141 1711 Dii,
1166 1678 1196 1705 et

449 1733 513 1755 non
529 1724 578 1763 (ut
598 1724 693 1757 habet
713 1735 787 1758 vera
806 1725 902 1768 ratio)
922 1726 1015 1766 Deus,
1039 1725 1118 1759 sieut
1134 1732 1196 1759 tra-

451 1776 603 1810 diderunt
627 1777 731 1817 nobis,
760 1778 814 1821 qui
836 1778 894 1822 ipsi
917 1779 1136 1822 inspexerunt,
1165 1785 1196 1812 et

453 1830 591 1863 ministri
613 1831 848 1865 sueruntVerbi
861 1832 882 1872 ⁶,
900 1832 1053 1883 inveninis
1065 1843 1195 1877 quoque

451 1884 756 1917 consubstantialem
789 1886 924 1926 solvere,
955 1886 1074 1930 quippe
1103 1898 1191 1920 mor-

450 1937 512 1969 tale
526 1965 533 1978 ,
562 1943 589 1970 et
624 1937 806 1971 immortale
827 1939 1114 1972 consubstantialia
1131 1940 1193 1973 iam

451 2001 518 2024 esse
536 2002 602 2025 non
622 1998 772 2036 possunt·,
800 1993 1009 2026 roborabitur
1029 2000 1136 2027 autem
1150 1995 1195 2028 sie

450 2044 616 2087 pluralitas
631 2046 780 2087 deorum,
804 2046 880 2079 dum
904 2052 967 2080 tres
984 2047 1028 2079 dii
1049 2047 1195 2081 christia-

488 2161 497 2186 1
521 2160 637 2187 Barueli.
655 2169 703 2195 ιιι,
725 2170 747 2188 v.
765 2161 813 2197 36,
835 2161 882 2189 ubi
897 2162 967 2197 apud
989 2162 1064 2198 Vulg.
1081 2162 1191 2198 legitur:

449 2199 502 2227 Hic
517 2204 557 2228 est
574 2202 648 2228 Deus
663 2205 774 2236 noster,
795 2205 822 2230 el
836 2210 892 2229 non
908 2203 1122 2231 aestimabitur.

485 2245 501 2271 2
521 2245 612 2272 Ioann.
637 2255 712 2281 xvu,
739 2256 761 2274 v.
784 2248 809 2275 3.
826 2248 902 2283 vulg.
930 2249 1028 2276 habet:
1054 2252 1080 2277 le
1102 2251 1194 2277 solum

450 2286 544 2313 Deum
562 2294 672 2314 verum.

485 2330 501 2356 3
516 2330 557 2357 Al.
571 2340 695 2366 cumque
705 2333 853 2367 scriptura
867 2333 968 2361 divina
979 2342 1071 2361 unum
1089 2335 1192 2369 Deum,

449 2374 579 2398 sanctam
608 2375 633 2398 ee
653 2373 841 2401 inditiduam
878 2374 1071 2408 Tiinitatem3
1096 2374 1194 2410 quibus

450 2414 524 2437 certe
539 2411 670 2438 adhaeret
684 2421 782 2448 graeca
798 2414 884 2441 versio
900 2414 1009 2450 legens:
1027 2425 1065 2439 και
1077 2425 1105 2439 τ·
1100 2426 1118 2444 ς
1133 2418 1165 2440 θει
1159 2426 1194 2444 ιας

449 2449 541 2481 Γραφης
561 2457 583 2471 εν
586 2458 600 2472 α
615 2451 664 2472 Οεον
678 2458 718 2476 την
740 2459 786 2480 αγι
771 2451 837 2473 ικνΤ
840 2460 862 2483 pi
865 2461 891 2474 wi
895 2461 923 2483 α,
943 2460 980 2474 και
1000 2451 1129 2485 αδιαιρετου
1150 2461 1192 2478 κη-

449 2492 582 2514 ρνττουῦης.

484 2522 500 2548 4
516 2522 557 2549 At.
569 2524 851 2552 consubstantialem.
864 2524 903 2551 Ad
914 2533 972 2552 rem
983 2526 1082 2561 aptius.
1095 2526 1192 2553 Graec.

451 2566 514 2590 text.
533 2563 615 2590 habet
630 2574 702 2595 ομουσ
692 2575 737 2589 ιον

484 2608 501 2635 5
518 2607 560 2634 ΑΙ.
577 2608 633 2635 hic.
651 2608 688 2635 td.
701 2586 764 2636 tcx't..
777 2609 824 2636 sic.
837 2610 918 2645 legit:
936 2614 1016 2645 Ειγαρ
1031 2612 1063 2639 εἴς
1077 2621 1193 2642 τηςαγιας

449 2644 480 2676 'ss
472 2653 522 2667 οηια
515 2644 549 2672 ἲος
563 2653 589 2668 *rr
586 2655 602 2672 5
617 2654 743 2679 αιτιστου,
760 2656 797 2670 και
814 2647 942 2681 συναιόιος,
966 2657 977 2672 ο
993 2650 1130 2681 σταυρωθεις
1145 2650 1167 2672 Oe:
1158 2657 1194 2676 0⁰5

979 231 1141 255 APPENDIX
1160 231 1312 256 BULLARII
1332 231 1453 256 nomm

1228 279 1277 313 nis
1296 280 1428 313 auribus
1449 280 1652 322 ingeruntur.
1675 280 1751 314 Cum
1773 280 1880 324 itaque
1893 281 1971 314 seri-

1228 338 1318 376 ptum
1345 333 1398 366 sit:
1434 334 1566 366 Verbum
1599 344 1672 365 caro
1699 334 1821 376 sactum
1851 338 1914 374 est,
1942 339 1971 367 et

1227 386 1313 418 Deus
1333 391 1402 419 erat
1428 386 1580 419 Verbum⁷
1604 396 1670 419 non
1691 386 1773 419 atius
1789 387 1872 419 Deus
1894 387 1970 419 Ver-

1229 439 1322 480 bum,
1358 445 1486 483 praeter
1510 439 1636 472 Patrem
1663 439 1860 480 invenietur;
1887 441 1966 473 Ver-

1229 492 1304 524 bum
1329 503 1393 525 non
1418 492 1617 536 simpliciter,
1646 493 1701 525 sed
1730 493 1868 525 Verbum
1889 493 1967 526 sub-

1228 546 1386 586 stantiale,
1407 551 1438 579 et
1457 546 1540 579 Deus
1552 546 1651 579 Filius
1672 540 1866 587 invenieturj
1882 552 1915 579 ut
1932 557 1970 580 ex

1229 600 1365 632 utilitate
1401 605 1509 632 nostra
1542 600 1741 633 identitatem
1773 600 1970 633 substantiae

1229 653 1330 685 Patris
1355 658 1386 685 et
1416 653 1511 686 Verbi
1540 658 1570 685 et
1590 652 1697 686 Sancti
1717 653 1853 697 Spiritus
1872 664 1971 695 agno-

1229 716 1366 738 scamus.
1387 706 1456 738 Non
1482 706 1566 739 enim
1589 717 1647 739 nos
1665 706 1730 747 atii,
1753 712 1882 750 praeter
1895 706 1972 739 Ver-

1230 760 1305 792 bum
1327 765 1486 800 nostrum,
1511 760 1721 792 inveniemur.
1739 760 1897 799 Quoniam
1911 760 1971 803 igi-

1230 818 1281 845 tur
1308 812 1495 855 unigenitus
1522 813 1577 845 Dei
1606 813 1721 853 Filius,
1754 823 1818 856 qua
1847 813 1972 847 ratione

1231 866 1371 899 Verbum
1388 872 1445 907 est,
1461 866 1493 898 in
1506 867 1638 910 propria
1647 866 1824 900 substantia
1837 877 1902 900 non
1915 877 1974 911 po-

1230 920 1304 952 terit
1321 920 1397 963 pati,
1421 930 1461 953 ne
1481 920 1521 953 ad
1547 920 1777 964 omnipotentis
1796 921 1852 954 Dei
1870 920 1972 954 Patris

1229 973 1440 1006 substantiam
1472 973 1578 1017 passio
1609 974 1770 1007 reseratur
1794 974 1855 1018 (est
1884 973 1971 1007 enim

1230 1037 1294 1059 una
1312 1027 1415 1059 Patris
1435 1033 1463 1059 et
1478 1027 1548 1059 Filii
1570 1032 1599 1059 et
1620 1027 1726 1060 Sancti
1747 1027 1886 1071 Spiritus
1899 1026 1971 1060 Dei-

1232 1082 1300 1123 tas):
1316 1080 1436 1124 patitur
1450 1086 1557 1113 autem
1572 1082 1582 1095 ⁸
1602 1080 1772 1124 proprium
1793 1080 1970 1113 animatum

1231 1144 1358 1177 eorpus,
1375 1134 1462 1177 quod
1477 1134 1580 1177 ipsum
1599 1134 1808 1167 substantiale
1828 1134 1882 1167 nei
1896 1134 1972 1167 Ver-

1230 1187 1307 1220 bum
1333 1198 1370 1220 ex
1390 1187 1459 1231 ipsa
1479 1191 1608 1220 sanctae
1630 1192 1660 1220 et
1680 1187 1891 1220 intemeratae
1901 1187 1972 1220 Vir-

1230 1240 1313 1283 ginis
1344 1241 1437 1273 vulva
1460 1240 1520 1273 sibi
1542 1240 1753 1283 coniungens,
1777 1251 1813 1273 ex
1835 1240 1972 1274 muliere

1230 1294 1401 1339 processit,
1433 1294 1472 1327 de
1498 1305 1561 1337 qua
1582 1294 1696 1326 Sancto
1725 1294 1844 1338 Spiritu
1875 1294 1971 1328 afflati

1228 1348 1406 1392 prophetae
1417 1347 1612 1380 cecinerunt:
1629 1347 1714 1380 Deus
1727 1347 1888 1380 virtutum
1900 1358 1973 1380 con-

1228 1407 1361 1443 vertere,
1383 1402 1503 1445 respice
1524 1402 1562 1434 de
1578 1396 1672 1443 coeto,
1689 1407 1717 1434 et
1743 1401 1813 1434 ride
1833 1406 1862 1434 et
1873 1402 1973 1435 visita

1229 1457 1327 1489 vitem
1347 1457 1464 1495 {statim
1478 1459 1507 1488 el
1520 1455 1639 1499 perfice
1657 1466 1739 1496 eam,
1756 1466 1857 1499 quam
1873 1455 1972 1498 plan-

1231 1512 1310 1544 tavit
1331 1511 1463 1544 ‹Ieoetera
1477 1515 1544 1550 tua,
1567 1514 1703 1554 etsuper
1718 1510 1849 1543 Filium
1869 1510 1972 1542 homi-

1230 1565 1293 1605 nis,
1316 1575 1412 1608 quem
1432 1564 1633 1607 confirmasti
1647 1564 1707 1596 tz'tn‘
1719 1564 1748 1604 ⁹‚·
1766 1563 1862 1596 vitem
1875 1568 1906 1596 et
1923 1563 1973 1596 Fi-

1230 1618 1308 1651 lium
1324 1617 1474 1658 hominis,
1492 1627 1586 1660 quem
1602 1616 1805 1650 confirmavit
1816 1616 1970 1656 Verbum,

1230 1676 1265 1704 ut
1284 1671 1400 1704 inferni
1418 1671 1557 1703 (laustra
1582 1675 1763 1703 contereret
1783 1675 1812 1702 et
1834 1669 1974 1702 vivifica-

1229 1730 1277 1757 ret
1298 1735 1362 1765 eos,
1391 1724 1445 1768 qui
1464 1735 1481 1756 a
1498 1724 1627 1756 saeculo
1646 1723 1764 1755 mortui
1778 1727 1862 1763 sunt,
1886 1723 1972 1755 salu-

1232 1784 1331 1812 tarem
1360 1778 1453 1811 Verbi
1485 1777 1738 1810 incarnationem
1764 1786 1891 1809 vocans.
1923 1776 1974 1809 ld-

1231 1833 1316 1866 eireo
1338 1839 1368 1864 et
1387 1831 1542 1865 Dominus
1563 1830 1691 1863 dicebat
1704 1829 1870 1874 discipulis
1889 1829 1971 1863 suis:

1229 1888 1296 1929 Eyo
1319 1897 1392 1919 sum
1423 1886 1511 1927 vilis,
1544 1896 1596 1917 ros
1624 1889 1733 1917 aretem
1756 1883 1919 1927 palmites,
1943 1888 1973 1917 et

1229 1942 1330 1974 Pater
1342 1950 1431 1972 meus
1444 1936 1686 1982 aqircolaestffl,
1703 1942 1731 1970 et
1753 1937 1899 1970 tradetur
1915 1937 1973 1970 Fi-

1230 1994 1295 2026 lius
1320 1993 1464 2037 hominis
1484 1992 1520 2024 in
1539 1992 1693 2024 manibus
1713 1995 1918 2034 peccatorum
1936 1988 1968 2023 ¹¹.

1229 2047 1330 2081 Patris
1343 2047 1429 2080 enim
1445 2046 1592 2079 intimum
1607 2045 1816 2079 substantiale
1831 2043 1972 2077 Verbum

1230 2168 1312 2197 Aoyo5,
1323 2163 1386 2188 τουτ’
1399 2173 1459 2187 εστιν
1470 2173 1480 2187 o
1490 2165 1552 2191 Υιος.
1569 2163 1600 2190 δί
1614 2162 1692 2189 essim
1708 2169 1783 2188 unus
1797 2163 1912 2188 sanctae
1926 2167 1972 2188 ae-

1229 2212 1339 2241 ternae,
1350 2211 1375 2235 et
1387 2207 1556 2234 individuae
1565 2205 1888 2240 Trinz'latis‚crucifixus
1899 2205 1972 2232 Deus

1234 2252 1367 2283 Verbum,
1384 2252 1434 2278 hoc
1449 2254 1489 2278 est
1505 2251 1608 2277 Filius.

1264 2296 1280 2323 6
1295 2296 1353 2322 Aet.
1370 2305 1388 2322 1.
1622 2315 1637 2330 0

1265 2341 1279 2368 7
1301 2341 1395 2367 Ioann.
1417 2348 1436 2373 1,
1454 2348 1477 2366 v.
1496 2340 1538 2366 14.

1264 2388 1279 2415 8
1303 2388 1379 2415 quta
1394 2388 1468 2415 Cont.
1486 2388 1578 2415 Const.
1599 2391 1696 2416 autem
1715 2386 1848 2415 abundat:
1866 2390 1893 2414 et
1906 2395 1971 2415 sane

1228 2437 1315 2464 neque
1335 2429 1362 2455 in
1382 2432 1447 2456 text.
1463 2436 1553 2464 graec.
1571 2428 1713 2464 reperitur.

1262 2472 1279 2498 9
1295 2472 1393 2499 Psalin.
1409 2479 1499 2504 Lxxix,
1516 2481 1539 2499 v.
1563 2472 1605 2507 15,
1624 2473 1665 2499 16.

1265 2516 1297 2543 10
1316 2516 1407 2544 Ioann.
1421 2524 1464 2550 xv,
1482 2525 1506 2543 v.
1523 2517 1555 2552 5,
1576 2520 1602 2544 et
1619 2518 1642 2544 1.
1661 2516 1716 2544 Vox
1735 2519 1831 2545 autem
1847 2517 1925 2545 deest
1942 2517 1969 2544 in

1228 2556 1305 2592 Vulg.

1263 2603 1292 2629 11
1307 2602 1398 2629 Matth.
1411 2610 1483 2635 xxvi,
1496 2611 1519 2629 v.
1533 2603 1576 2637 45,
1589 2602 1635 2629 ubi
1649 2602 1719 2638 vulg.
1737 2602 1825 2638 legit.:
1839 2605 1866 2631 ee
1876 2603 1970 2631 Filius

1226 2648 1356 2676 hominis
1371 2649 1506 2676 tradetur
1520 2649 1551 2676 in
1564 2656 1669 2677 manus
1686 2651 1880 2683 peccatorum.

2000 231 2050 259 An.
2063 231 2092 259 C.
2118 231 2170 260 482

2046 400 2170 427 [ung-nitus

1986 427 2023 448 nni
2037 428 2101 448 Filius
2111 427 2170 448 Pau-i

1984 454 2170 475 consubstantialis

1986 481 2005 501 in
2019 487 2058 501 sua
2073 481 2170 501 substan-

1987 508 2015 528 tia
2025 507 2069 533 pati
2080 508 2160 535 nequil;

2235 1130 2239 1138 .

2008 1143 2090 1164 Patitur
2099 1144 2170 1164 autem
2215 1160 2218 1161 γ

1986 1170 2007 1191 iu
2021 1175 2060 1191 suo
2076 1170 2170 1191 animato
2216 1189 2235 1196 ,

1986 1202 2075 1223 corpore
2085 1213 2090 1221 ,

1986 1224 2027 1245 sibi
2042 1224 2064 1244 iu
2074 1224 2097 1244 Β.
2131 1223 2135 1226 ’

1986 1252 2047 1272 utero
2056 1250 2170 1271 coniunxit.
