2244 3183
254 213 302 240 An.
321 212 351 240 C.
368 212 418 241 454

266 539 367 560 Marciani
378 545 435 560 amer

253 571 291 591 pr«)
325 572 435 613 episcopo-

253 598 297 613 rum
315 599 400 613 rum-nrt
410 600 435 613 ia.

308 1123 349 1144 Cur
375 1125 437 1143 :int-*a

255 1152 276 1171 S.
288 1151 330 1170 Leo
342 1151 438 1170 Anatolio

255 1179 438 1203 innit1·es(:t'¹1·si·i·it

291 1603 394 1626 Quantum
414 1602 439 1622 de

255 1629 301 1649 eius
316 1629 441 1654 resipiscen-

257 1661 286 1678 Ιιιι
302 1658 364 1679 suerit
385 1658 440 1678 solli-

256 1687 319 1706 citus.

481 202 545 236 138

494 261 589 293 'rebus
610 259 750 295 laetatus
774 262 915 302 exoptat,
943 261 980 290 ut
1004 258 1103 291 etiam
1125 257 1192 292 Ca—

495 314 562 347 νοεῖ
575 314 708 347 monach
714 314 726 346 i
734 307 928 357 perversitas
941 313 1187 356 con'zprz'matmz

534 404 591 432 Leo
610 403 770 438 Episcopus
792 401 945 430 Marciano
964 403 1108 438 Augusto.

495 474 566 507 Car.
589 475 611 507 t.
640 474 831 508 Litterarum
856 474 1045 508 elementiae
1068 478 1192 507 vestrae

452 528 617 571 multiplex
639 528 740 570 gratia
759 528 866 561 debita
886 539 904 561 a
922 539 973 561 me
987 527 1192 562 veneratione

451 586 598 625 suscepta
612 587 668 622 est,
690 587 721 614 et
738 582 937 623 gratulanter
950 581 1077 624 agnovi,
1095 591 1190 624 quam

450 635 535 678 piam
549 645 658 668 curam
671 634 864 668 christianae
875 635 1052 678 religionis,
1069 640 1103 668 ut
1115 644 1192 667 con-

449 688 606 729 suevistis,
628 688 789 729 habeatis,
809 699 883 721 cum
903 688 987 721 inter
1005 687 1131 721 Domini
1145 697 1194 719 sa-

451 741 598 774 cerdotes
619 752 689 774 eam
711 741 805 774 vultis
825 740 955 774 firmare
970 739 1190 779 concordiam,

451 806 533 838 quae
547 794 757 828 etuniversali
767 794 937 834 Ecclesiae,
955 800 986 827 et
999 793 1107 826 divino
1121 798 1195 836 apta

451 849 492 882 sit
511 849 621 882 cultui.
639 849 694 881 llla
709 848 793 881 enim
808 848 985 891 probabilis
1001 857 1062 891 pax
1074 852 1105 880 et
1117 846 1193 880 cha-

452 902 529 935 ritas
549 912 624 935 vera
655 907 712 942 est,
747 912 843 945 quam
872 900 1057 944 plenissime
1082 900 1194 932 beatus

452 955 624 998 Apostolus
644 954 809 998 praedicat
829 954 949 987 dicens:
981 953 1134 987 Charitas
1158 952 1195 984 de

453 1008 544 1040 corde
561 1018 656 1050 puro,
685 1012 713 1040 et
735 1007 931 1040 conscientia
959 1007 1052 1047 bona,
1081 1011 1109 1039 ee
1132 1006 1195 1049 fule

453 1071 516 1093 ozon
535 1061 610 1103 ficta
632 1060 650 1093 ¹.
675 1060 861 1104 Obsequens
879 1059 986 1103 itaque
1008 1064 1039 1092 et
1058 1060 1196 1094 libenter

453 1114 630 1148 assentiens
650 1114 767 1147 sanctis
787 1119 911 1147 vestrae
930 1113 1055 1157 pietatis
1080 1113 1192 1146 horta-

456 1168 539 1201 tibus
567 1168 672 1200 fratris
699 1173 730 1200 et
755 1167 938 1211 coepiscopi
966 1167 1029 1200 mei
1058 1166 1195 1200 Anatolii

454 1221 579 1264 scriptis
600 1221 778 1264 reciproco,
801 1226 836 1253 ut
857 1220 966 1261 debui,
987 1230 1136 1253 sermone
1147 1230 1194 1252 re-

454 1274 582 1317 spondi,
604 1274 658 1317 qui
672 1274 884 1307 cessationem
903 1273 1036 1316 alloquii
1057 1272 1120 1306 mei
1138 1283 1196 1305 suo

454 1327 580 1360 silentio
602 1327 712 1360 debuit
732 1326 932 1370 imputare2:
955 1336 1028 1359 cum
1049 1326 1088 1359 ad
1113 1325 1197 1359 litte-

455 1391 506 1413 ras
525 1380 536 1396 3
556 1391 654 1421 meas,
679 1380 796 1424 quibus
816 1390 889 1413 eum
917 1380 1059 1412 fraterna
1086 1378 1194 1412 chari-

456 1438 518 1466 tate
538 1444 744 1474 monueram,
768 1438 804 1466 ut
824 1444 841 1466 a
861 1433 1109 1477 reprehensibili
1130 1443 1198 1465 am-

454 1487 577 1520 bitione
611 1487 802 1526 discederet,
838 1487 973 1520 ulterius
1000 1486 1196 1530 respondere

454 1540 602 1583 neglexit.
625 1541 691 1583 Ego
711 1551 796 1581 vcro,
814 1540 867 1584 qui
889 1541 975 1584 apud
995 1540 1087 1573 illum
1101 1539 1197 1580 tacui,

456 1593 646 1627 elementiae
669 1599 793 1627 vestrae
806 1593 816 1610 ⁴
837 1604 896 1638 pro
912 1604 992 1637 paee
1007 1593 1197 1626 universalis

456 1647 615 1680 Ecclesiae
632 1658 713 1690 quae
725 1652 831 1680 essent
843 1647 1012 1690 profutura
1025 1655 1196 1689 suggerere

456 1711 515 1745 pro
537 1711 608 1734 mea
629 1711 706 1734 cura
726 1711 791 1734 non
812 1700 929 1734 destiti.
953 1700 1031 1733 Nam
1046 1705 1077 1733 et
1094 1704 1197 1732 vestra

457 1755 671 1788 mansuetudo
693 1754 944 1787 insinuationem
964 1763 1070 1787 meam
1089 1753 1099 1768 ⁵
1132 1757 1195 1786 tam

457 1808 595 1841 libenter
615 1807 739 1851 accepit
758 1807 784 1848 ⁰,
807 1811 842 1840 ut
862 1812 893 1840 et
911 1807 920 1823 ⁷
939 1816 1067 1850 semper
1084 1805 1197 1839 rescri-

456 1862 533 1894 bere
553 1862 563 1878 Β
583 1861 785 1904 dignaretur,
818 1861 846 1893 ei
875 1860 955 1894 haec
986 1865 1096 1902 ageret
1113 1860 1135 1900 ⁰,
1163 1865 1197 1892 ut

457 1926 539 1958 quae
556 1926 643 1948 nunc
663 1919 808 1948 correcta
827 1919 911 1955 sunt,
931 1919 1057 1947 vestrae
1076 1913 1197 1954 gloriae

457 1969 651 2002 debeantur:
677 1966 797 2012 quod¹⁰
814 1967 892 2000 tales
912 1977 998 2000 nunc
1018 1966 1106 2000 misit
1131 1966 1196 2010 epi-

456 2023 563 2064 stolas,
580 2023 696 2067 quibus
717 2021 893 2055 notabilem
913 2021 1051 2054 ambitus
1070 2021 1195 2064 culpam

493 2124 503 2148 1
524 2121 619 2148 lTim.
641 2127 658 2154 1,
680 2121 706 2148 5.

491 2162 507 2188 2
527 2173 538 2186 ι(
554 2161 617 2188 Cod.
639 2161 718 2188 Barb.
736 2164 762 2187 et
777 2160 948 2196 Ratisp.cum
964 2159 1087 2187 Holstein
1103 2158 1199 2194 poluit

457 2198 601 2232 imputari
616 2208 641 2223 ».
660 2196 786 2224 Ballerin.
803 2197 821 2223 l.
839 2205 862 2222 c.
879 2196 947 2222 Sane
962 2203 1116 2231 perperam.

492 2238 507 2264 3
528 2237 729 2264 lnnuitlitteras
744 2236 776 2263 ad
794 2235 945 2262 Anatolium
965 2235 1051 2268 datas,
1068 2242 1134 2269 quas
1146 2233 1197 2260 vid.

457 2281 515 2307 sup.
533 2282 606 2299 num.
622 2279 692 2299 vail
709 2281 768 2308 pag.
786 2272 829 2306 5³8,
846 2271 898 2298 col.
916 2272 939 2298 1.

492 2312 581 2339 4Vid.
611 2313 690 2348 epist.
721 2312 753 2338 ad
778 2311 941 2338 Marcianum
964 2311 1109 2345 Augustum
1138 2317 1196 2344 sup.

458 2361 530 2379 num.
548 2360 597 2379 va
613 2360 672 2387 pag.
688 2352 732 2384 93,
750 2351 801 2378 col.
818 2353 842 2378 1.

492 2394 509 2420 5
523 2393 642 2420 slacciar.
660 2393 729 2427 Opp-
753 2392 782 2419 S.
801 2392 901 2419 Leonis
917 2394 986 2427 part.
1012 2399 1041 2424 11,
1065 2398 1126 2426 pag.
1149 2389 1200 2418 100

458 2428 555 2456 omittit
571 2432 640 2455 tam.

493 2470 509 2495 (3
528 2479 540 2492 «
560 2467 691 2495 Holstein.
715 2467 819 2502 accipit
834 2478 860 2494 ».
878 2466 998 2495 Cacciar.
1017 2466 1034 2492 l.
1052 2474 1074 2492 c.
1092 2463 1200 2492 IlectIus

458 2504 491 2531 ad
506 2512 577 2531 sens.
595 2512 621 2530 n.
638 2504 656 2530 l.

494 2545 508 2571 7
534 2555 545 2568 ι(
561 2543 600 2570 ΑΙ.
618 2543 708 2570 delent
726 2545 750 2570 el
765 2553 791 2569 η.
811 2542 905 2569 Baller.
922 2542 940 2569 l.
962 2550 986 2568 c.

494 2583 543 2646 βά(
566 2582 720 2611 Holstenius
735 2583 893 2610 scribere».
910 2581 1029 2609 Caeciar.
1040 2581 1056 2607 l.
1068 2588 1090 2607 c.
1105 2580 1199 2614 Inepte

459 2627 506 2655 qui
528 2627 580 2646 em.

1583 136 1600 153 Q

976 209 1137 234 APPENDIX
1155 209 1306 234 BULLARII
1325 209 1447 235 ROMANI

1224 258 1294 292 aliis
1321 258 1429 302 potius
1460 266 1559 302 quam
1587 255 1648 290 sibi
1674 260 1833 290 assereret
1862 256 1965 300 depu-

1226 312 1368 345 tandam.

1269 365 1341 399 Car.
1365 364 1402 398 11.
1431 365 1591 407 Agnoscat
1611 373 1700 406 ergo,
1721 368 1855 406 auguste
1872 373 1966 396 vene-

1225 418 1353 459 rabilis,
1385 418 1568 462 praedictus
1592 417 1723 450 antistes
1755 422 1874 461 quanto
1899 427 1967 449 am-

1225 471 1509 514 pliushumilitate,
1527 481 1622 514 quam
1637 470 1778 504 elatione
1790 475 1964 510 crescatur,

1226 529 1256 557 et
1281 534 1408 557 memor
1432 524 1570 557 limitum
1593 528 1803 567 paternorum
1830 522 1968 555 salubri-

1227 583 1322 611 tatem
1343 588 1503 611 canonum
1525 578 1564 611 ad
1578 587 1689 621 pacem
1711 575 1899 609 universalis
1911 576 1968 608 Ec-

1226 630 1341 664 clesiae
1362 631 1566 664 conditorum
1588 641 1624 663 ea
1644 640 1726 674 quae
1747 630 1842 663 debet
1859 629 1891 662 in
1912 639 1970 672 po-

1226 688 1347 716 sterum
1362 683 1588 717 observatione
1602 682 1772 722 custodiat,
1790 681 1969 715 defensioni

1227 746 1356 779 quoque
1377 736 1555 769 catholicae
1575 735 1650 769 fidei
1676 735 1896 768 indesinenter
1918 734 1969 771 in-

1228 788 1346 831 vigilet,
1370 799 1428 832 pro
1448 789 1594 822 custodia
1604 787 1758 822 dominici
1775 787 1880 830 gregis
1899 787 1971 820 dili-

1227 848 1337 884 gentes
1366 843 1556 886 praetendat
1585 843 1752 884 excubias,
1793 846 1902 875 utatur
1937 841 1969 874 in

1228 896 1378 929 omnibus
1399 897 1605 930 devotissimo
1623 901 1747 930 vestrae
1767 895 1894 940 pietatis
1914 905 1970 928 au-

1227 950 1315 990 xilio,
1343 955 1374 983 et
1405 950 1429 983 si
1459 950 1538 994 quid
1557 960 1695 994 usquam
1722 949 1781 983 sub
1810 947 1969 982 catholico

1227 1003 1358 1036 nomine
1376 1003 1540 1036 hostilium
1561 1004 1710 1037 fraudum
1731 1003 1818 1043 latet,
1843 1002 1874 1035 id
1894 1012 1970 1045 pro-

1228 1057 1370 1090 dendum
1399 1057 1522 1099 gloriae
1544 1064 1668 1090 vestrae
1694 1056 1849 1089 instanter
1872 1055 1966 1088 inda-

1228 1116 1280 1152 get
1296 1109 1326 1143 ¹¹.
1359 1110 1417 1149 Qui
1450 1110 1535 1143 enim
1566 1109 1759 1152 sacrilegum
1782 1119 1927 1142 errorem
1952 1118 1971 1140 a

1228 1162 1510 1206 longinquioribus
1531 1173 1660 1207 quoque
1677 1161 1849 1206 provinciis
1870 1172 1969 1205 expu-

1230 1215 1320 1257 listis,
1344 1216 1435 1249 et‘ad
1452 1215 1594 1249 veritatis
1614 1216 1719 1248 lucem
1741 1215 1970 1248 contenebrata

1230 1269 1484 1303 Palaestinorum
1498 1270 1597 1302 corda
1605 1268 1790 1308 revocastis,
1803 1268 1969 1312 quomodo

1231 1333 1304 1355 eum
1321 1322 1380 1355 sub
1398 1328 1522 1356 vestrae
1539 1322 1615 1356 fidei
1632 1321 1731 1355 radiis
1747 1322 1872 1366 spirare
1882 1320 1903 1338 ¹²
1915 1332 1970 1366 pa-

1231 1375 1409 1409 tieminiffi‘?
1428 1387 1501 1410 cum
1522 1376 1619 1410 etiam
1632 1386 1691 1420 per
1703 1376 1886 1420 AEgyptum,
1905 1376 1971 1408 Deo

1231 1440 1285 1463 vos
1305 1430 1337 1462 in
1355 1430 1506 1464 omnibus
1529 1430 1712 1468 adiuvante,
1739 1429 1877 1463 celerius
1902 1439 1971 1462 cre-

1231 1483 1344 1516 damus
1364 1493 1477 1517 omnes
1493 1483 1583 1526 pravi
1605 1482 1763 1525 dogmatis
1784 1480 1972 1524 extinguen—

1232 1536 1287 1569 das
1307 1547 1375 1570 esse
1395 1536 1558 1580 reliquias.
1575 1535 1715 1578 Benigne
1730 1535 1816 1568 enim
1831 1534 1880 1567 his
1894 1544 1971 1567 con-

1230 1589 1344 1631 sulitis,
1355 1590 1471 1634 quibus
1480 1590 1642 1623 licentiam
1652 1588 1840 1623 execrabilis
1851 1587 1972 1622 erroris

1230 1642 1370 1676 aufertis.

1274 1696 1346 1729 Car.
1370 1696 1420 1729 III.
1438 1696 1569 1730 Gaudeo
1583 1696 1702 1739 itaque,
1719 1695 1869 1738 gloriose,
1889 1705 1971 1738 quae

1230 1750 1415 1793 perturbata
1434 1751 1559 1783 fuerant
1579 1760 1648 1783 esse
1668 1749 1868 1793 composita:
1898 1759 1971 1783 cum

1231 1808 1261 1836 et
1286 1803 1445 1836 memoria
1463 1803 1548 1837 beati
1559 1803 1700 1836 Flaviani
1721 1803 1754 1836 in
1776 1802 1971 1836 consolatio-

1232 1867 1304 1889 nem
1323 1855 1342 1873 Ν
1362 1857 1595 1901 discipulorum
1615 1856 1683 1890 eius
1707 1856 1873 1897 excolitur,
1897 1866 1971 1890 cum

1231 1911 1374 1943 Andreas
1394 1910 1433 1943 ab
1455 1909 1675 1944 archidiaconi
1695 1910 1874 1943 ministerio
1894 1909 1971 1942 sub-

1231 1970 1397 2005 movetur,
1432 1975 1505 1998 cum
1536 1970 1701 2008 postremo
1729 1975 1748 1998 a
1779 1964 1970 1998 Sanctorum

1231 2019 1360 2051 Patrum
1374 2017 1492 2051 iniuria
1504 2023 1713 2062 temperatur,
1731 2022 1762 2050 et
1778 2027 1796 2050 a
1813 2015 1971 2050 violandis

1266 2116 1283 2143 9
1303 2115 1422 2143 Caeciar.
1439 2116 1456 2142 l.
1474 2123 1497 2142 c.
1518 2123 1611 2151 affere.
1622 2114 1701 2142 Forte
1716 2113 1822 2141 melius.

1268 2161 1301 2188 10
1321 2160 1439 2187 Cacciar.
1456 2160 1474 2187 l.
1492 2169 1515 2188 c.
1529 2161 1589 2195 qui.
1602 2159 1669 2187 Sane
1686 2159 1749 2186 mel.
1769 2167 1794 2186 n.
1810 2158 1901 2186 lectio.

1270 2206 1296 2231 11
1325 2205 1410 2233 «eod.
1429 2204 1539 2232 Barber.
1560 2205 1684 2238 indt'yel3
1706 2203 1858 2231 Holstenius
1878 2210 1909 2230 ex
1930 2202 1973 2230 in-

1232 2249 1310 2285 genio
1325 2250 1440 2277 correxit
1451 2249 1588 2277 indicet».
1601 2248 1726 2276 Ballerin.
1744 2247 1795 2275 col.
1814 2247 1891 2275 1280.
1905 2248 1973 2274 Per-

1233 2298 1335 2326 peram.

1267 2330 1301 2356 12
1323 2340 1334 2355 ‹
1352 2329 1417 2356 Cod.
1439 2328 1551 2356 Barber.
1574 2336 1692 2363 sperare
1714 2338 1740 2354 ».
1763 2326 1888 2354 Ballerin.
1906 2325 1924 2352 l.
1946 2333 1971 2352 c.

1234 2370 1311 2397 Forte
1327 2376 1482 2396 amanuens.
1499 2368 1609 2395 mendo.

1269 2413 1301 2440 13
1320 2424 1332 2438 «
1343 2413 1407 2440 cod.
1425 2412 1540 2440 Bai-her.
1554 2412 1726 2447 palicium&
1743 2409 1879 2441 Quesnell.
1894 2408 1973 2444 pati-

1232 2453 1306 2481 mini
1322 2463 1345 2480 v.
1362 2452 1488 2479 Ballerin.
1509 2452 1526 2479 l.
1544 2461 1567 2479 c.

1267 2493 1303 2519 14
1317 2492 1434 2519 Caeciar.
1458 2492 1476 2519 l.
1498 2500 1521 2519 c.
1540 2500 1601 2518 cum
1624 2491 1658 2518 al.
1674 2490 1887 2522 consotationoe
1908 2487 1975 2515 Hol-

1233 2537 1301 2559 sten.
1318 2532 1356 2558 sic
1373 2531 1443 2558 hune
1458 2531 1548 2558 locum
1562 2531 1654 2558 refert:
1674 2539 1739 2557 cum
1752 2529 1973 2556 admemoriam

1232 2572 1314 2600 Beati
1340 2571 1477 2598 Flauiani
1496 2571 1651 2598 consolatio
1673 2570 1735 2598 eius
1767 2569 1974 2604 discipulorum

1232 2612 1384 2640 excolitur.
1399 2611 1456 2638 Vid.
1469 2611 1586 2639 Cacciar.
1598 2611 1616 2637 l.
1634 2617 1657 2639 c.
1667 2610 1797 2645 Erronee,
1813 2613 1843 2637 ut
1856 2608 1972 2637 videtur.

2000 206 2050 233 An.
2068 206 2098 234 c.
2113 185 2164 235 ast

2008 374 2062 398 Quid
2077 373 2104 395 ab
2119 374 2164 401 ipso

1981 401 2085 448 {⁵223th
2102 406 2165 427 ⁰¹⁹⁰·
2180 417 2188 422 “

2005 1167 2082 1189 Leonis
2092 1168 2169 1189 fiducia
2190 1172 2191 1176 ¹

1984 1195 2117 1243 ἰίὲιζᾶιιτοῐαῃί
2125 1196 2170 1222 pio-

2001 1700 2032 1731 nq
2039 1705 2108 1731 rerum
2116 1705 2172 1722 eom·
2192 1698 2195 1718 ’-

1987 1730 2093 1775 mentone
2121 1731 2171 1753 gau-
