2244 3183
49 252 98 280 An.
114 251 142 278 C.
163 250 215 277 5¹6

122 577 172 598 ldeo
188 583 233 597 unt-

51 610 124 626 versim
140 604 196 624 Ecct.
213 610 233 624 in

50 632 172 653 Dioscoruin
191 636 234 651 vin-

51 658 129 679 dictam
145 662 234 677 comme·

50 687 124 706 morat.

81 897 124 917 Nec
139 902 179 916 non
195 895 235 916 Eu-

52 923 107 950 genii
122 922 191 944 fidem.

861 250 886 270 S.
912 248 1073 271 ttothSDA
1094 248 1103 270 Ι
1126 248 1169 269 ΡΡ,

248 298 323 331 tiam
345 297 353 313 ¹
375 308 451 329 suae
476 297 666 330 temeritatis
687 296 821 335 exeruit,
845 302 873 328 et
896 295 992 328 totius

248 351 344 383 tinem
361 350 372 367 ‘³
391 350 591 383 crudelitatis
605 350 748 389 excessit,
772 349 914 391 religiosi
935 348 991 380 viri

249 404 379 437 caedem
407 404 492 436 inter
514 403 582 447 ipsa
614 409 764 446 operatus
789 402 913 439 altaria.
943 401 991 433 vix

248 457 396 490 saucibus
420 456 485 490 suis
510 456 548 489 ab
574 456 627 489 illo
649 456 702 499 pio
723 466 838 488 eruore
857 465 992 498 suspen—

247 510 301 543 sis.
324 511 413 543 Tune
439 510 572 543 excitata
594 509 782 541 universalis
803 508 942 541 Ecclesia
961 508 992 540 in

249 563 359 596 odium
397 563 576 606 parricidae
603 563 613 578 ³
644 568 809 595 auctorem
843 561 992 594 facinoris

251 617 350 650 tanti⁴
369 628 434 650 non
466 618 571 650 solum
605 616 847 651 communione,
881 626 990 649 verum

250 670 345 704 etiam
383 671 451 714 ipso
488 681 617 714 quoque
651 670 826 703 christiano
860 669 992 702 nomine

249 724 409 768 spoliavit,
421 729 449 756 et
463 724 607 756 omnium
621 729 743 757 mentes
757 734 838 756 nora
852 723 990 766 quadam

249 776 464 810 admiratione
489 783 680 820 stupuerunt
704 782 809 809 tantae
827 787 992 820 praesum-

250 830 370 874 ptionis
390 830 570 864 audaciam.
591 832 678 864 Tune
699 831 811 864 beatus
834 830 994 871 Eugenius

251 883 420 927 paroeciae
442 889 563 917 vestrae
588 884 736 917 obtinens
762 883 990 927 principatum,

252 948 324 970 eum
357 937 501 970 subiecta
525 937 585 970 sibi
606 943 715 970 saneta
747 937 870 980 synodo
890 937 992 969 zelum

250 992 437 1034 quemdam,
461 991 547 1034 quali
562 991 624 1025 side
639 1002 717 1031 esse,
742 993 806 1024 Deo
827 1002 994 1024 commen—

251 1045 346 1077 datus
377 1044 518 1077 ostendit
541 1045 561 1077 ⁵.
596 1045 692 1078 Cuius
724 1045 769 1077 rei
803 1044 992 1077 memoriam

252 1108 318 1131 non
344 1098 448 1130 solum
481 1109 545 1131 non
577 1103 678 1142 polest
707 1104 832 1142 tempus
852 1099 991 1131 abscon-

255 1152 343 1191 dere,
368 1163 477 1184 verum
492 1152 587 1185 etiam
602 1152 641 1185 de
653 1152 704 1185 die
723 1152 753 1184 in
775 1152 860 1185 diem
879 1162 995 1193 magna

255 1205 341 1247 apud
368 1205 564 1238 orthodoxos
589 1206 672 1237 fama
704 1205 906 1249 multiplicat.
932 1205 994 1238 tto-

256 1268 326 1289 rum
353 1258 457 1291 studia
471 1258 515 1291 sic.
529 1259 664 1302 probata
681 1259 856 1301 negligere,
880 1265 910 1291 et
924 1270 996 1292 sen-

258 1311 373 1343 tentias
391 1322 454 1343 non
477 1323 596 1352 amare,
625 1312 710 1345 idem
730 1319 775 1345 est
798 1313 828 1344 in
851 1312 919 1356 ipsa
938 1313 999 1346 Do-

257 1365 335 1396 mini
358 1365 458 1398 nostri
476 1366 486 1381 ⁶
511 1366 710 1399 consessione
740 1366 939 1410 delinquere.
964 1367 999 1399 Et

256 1418 350 1450 nobis
370 1418 501 1461 quidem
520 1430 604 1452 nunc·
619 1425 691 1462 post
711 1420 941 1463 professionem
963 1431 1000 1453 ae

257 1471 378 1503 litteras
412 1476 551 1511 vestras,
587 1472 696 1504 omnia
727 1472 801 1505 tidei
833 1473 997 1513 dogmata,

256 1524 320 1556 Deo
341 1535 415 1557 suos
436 1525 652 1567 ‹soniungente
666 1553 673 1565 ‚
701 1526 818 1558 similia
840 1527 1000 1559 orandum

258 1578 334 1616 est⁷‚
353 1583 386 1610 ut
401 1578 431 1610 in
451 1589 488 1610 ea
508 1579 655 1612 voluntas
676 1585 788 1619 vestra,
802 1590 864 1623 qua
874 1585 1001 1613 nostros

258 1630 384 1663 animos
405 1632 564 1672 relevavit,
579 1633 778 1666 consessione
800 1640 997 1676 permaneat..

258 1685 319 1717 Sed
340 1695 420 1728 opus
441 1691 487 1717 est
508 1685 591 1718 intra
612 1693 792 1730 respectum
816 1687 940 1720 timoris
954 1687 1001 1720 in-

258 1738 371 1771 sectari
397 1749 510 1772 eorum
541 1739 674 1780 rabiem,
709 1740 764 1784 qui
789 1740 852 1774 side
878 1741 1001 1775 diversa

259 1853 344 1887 4951,
372 1854 459 1888 56¹7,
484 1858 510 1881 et
535 1854 624 1881 Ottoh.
656 1855 702 1881 tm
723 1855 891 1883 discederet.
923 1858 1000 1884 Cout.

260 1898 348 1925 tlonst.
367 1902 485 1925 nostram
509 1899 568 1925 lect.
589 1900 718 1933 praefert,
736 1901 812 1927 euius
827 1901 925 1928 iudicio
941 1910 1002 1936 pos-

260 1946 301 1969 set
319 1942 397 1969 etiam
413 1943 464 1977 legi
478 1952 587 1977 pravus
602 1953 668 1970 curn
684 1945 819 1979 disceret,
835 1945 903 1973 idest
921 1956 1002 1982 quum

260 1987 380 2014 Dioscori
406 1987 553 2023 discipulus
577 1988 729 2015 Proterium
754 1989 909 2025 episcopum
926 2000 1002 2018 suum

259 2031 444 2064 interfecerit;
462 2033 586 2067 pravior
601 2041 663 2059 cum
684 2034 808 2066 doceret,
833 2033 903 2061 idest
922 2044 1004 2070 quum

260 2075 403 2111 episcopus
418 2076 504 2103 factus
523 2076 603 2110 Petri,
617 2077 661 2112 qui
677 2077 725 2112 ipsi
741 2079 880 2113 successit,
894 2079 1002 2107 institu-

261 2123 303 2147 tor
318 2120 412 2155 fuerit,
434 2129 465 2147 ae
483 2121 619 2156 magister.

300 2166 307 2190 l
332 2164 407 2199 Apud
428 2165 527 2192 Baron.
547 2166 711 2193 scientiam.

296 2208 312 2234 2
334 2208 423 2236 Potius
445 2210 546 2243 βάψῃ·
578 2210 646 2237 idest
673 2211 857 2239 crudelitatem
883 2214 1005 2248 exeruit,

262 2262 329 2289 quae
349 2262 455 2281 omnem
471 2254 686 2282 lidemexeessit.
709 2256 727 2282 E
748 2256 824 2283 Cont.
842 2257 934 2284 Coust.

298 2299 313 2325 3
337 2298 458 2326 Excitata
477 2299 582 2326 scilicet
602 2299 698 2327 Leonis
724 2300 835 2336 Augusti
858 2301 954 2328 litteris
974 2302 1006 2329 ad

264 2343 405 2371 universas
422 2344 571 2379 provincias
588 2343 684 2371 missis.
708 2345 726 2371 tt
743 2346 820 2372 Ceut.
837 2346 927 2373 Const.

299 2389 314 2415 [ι
336 2389 433 2415 Darou.
456 2389 601 2417 tinctorem
621 2389 759 2423 facinoris
776 2391 860 2418 tcmtz'.

300 2434 315 2460 5
337 2434 373 2461 lta
395 2438 422 2460 et
440 2435 552 2466 Baron.;
574 2434 659 2461 Caras.
678 2443 738 2461 cum
754 2443 799 2461 un.
817 2435 895 2463 codd.
913 2444 1007 2472 perpe-

264 2487 321 2506 ram
342 2479 489 2514 (μιαίὶΙῐιιε
505 2487 561 2507 esse
578 2480 636 2506 Deo
648 2481 863 2515 commendauit,
875 2482 1007 2511 ostendit:

265 2523 325 2550 cod.
342 2528 431 2550 autem
447 2524 537 2551 ottob.
560 2525 610 2550 474
635 2533 687 2551 non
707 2525 795 2552 minus
818 2526 907 2561 inepte
929 2526 1010 2561 quali

265 2569 322 2603 fine
337 2572 412 2597 esset.
430 2569 493 2596 Cod.
512 2577 573 2597 vero
585 2570 652 2597 5017
665 2571 696 2597 atl
709 2571 823 2605 margin.
837 2571 931 2606 corrig.
943 2572 1010 2598 Phi-

267 2621 341 2639 neos.
360 2613 427 2639 ilinc
444 2613 531 2649 aptius
547 2614 622 2641 Ceut.
636 2614 725 2641 Const.
744 2615 826 2649 quali
847 2615 967 2643 Phinces
982 2622 1010 2642 sc

267 2657 323 2684 Deo
339 2659 556 2691 commendavit,
573 2659 704 2686 ostendit.

1676 233 1739 265 :387

1026 294 1205 327 nituntur“.
1224 296 1348 332 Quanto
1363 294 1447 327 enim
1470 293 1649 326 infidelium
1675 303 1768 325 error

1026 353 1199 387 exaestuat,
1220 352 1307 381 tanto
1330 347 1430 389 magis
1451 358 1494 386 se,
1518 347 1542 379 si
1561 347 1696 385 resistat,
1721 357 1768 379 se-

1027 401 1145 434 curitas
1166 407 1274 433 nostra
1294 401 1512 434 commendat.
1547 401 1656 443 Neque
1682 399 1767 432 enim

1028 455 1105 487 haee
1133 460 1205 487 sunt
1244 465 1301 498 per
1330 454 1517 498 patientiau‘i
1554 453 1765 495 negligenda,

1027 508 1157 551 quando
1176 508 1296 540 malum
1318 507 1379 540 hoe
1401 507 1475 539 vitio
1494 517 1610 550 pravae
1632 517 1768 539 eonsue-

1029 561 1146 593 tudinis
1167 561 1345 593 animatum
1366 561 1451 603 apud
1472 561 1582 603 plures
1610 560 1668 593 suli
1689 570 1769 603 quo-

1027 615 1100 646 dam
1116 615 1224 647 eolore
1238 614 1316 656 tegis
1338 613 1478 652 inolevit7
1503 614 1579 645 dum
1600 619 1656 646 aut
1673 624 1770 656 prava

1027 667 1131 700 studia
1153 667 1183 699 in
1209 677 1308 699 unum
1342 672 1535 709 congruunt,
1559 672 1614 699 aut
1635 673 1721 699 reeta
1738 677 1770 699 se

1027 721 1232 753 subtrahunt.
1257 721 1347 759 Nam,
1363 726 1394 752 ut
1408 730 1490 759 eam,
1507 731 1588 763 quae
1610 720 1767 757 imminet.

1027 784 1095 806 rem
1105 774 1294 818 loquamur,
1311 773 1468 817 Eutyches
1482 778 1515 805 ut
1528 774 1685 806 nefandae
1697 773 1772 805 liae-

1028 827 1106 860 resis
1130 827 1278 860 inventor
1299 826 1478 859 excluditur
1499 826 1593 859 etiam
1616 827 1655 858 ab
1678 827 1736 865 liis,
1754 838 1770 859 a

1029 881 1145 924 quihus
1175 881 1242 914 eius
1274 881 1424 923 dogmata
1450 881 1628 923 diliguntur
1640 882 1661 921 ³¹,
1686 882 1772 924 apud

1029 946 1084 967 eos
1109 935 1194 978 ipsos
1220 935 1261 967 ita
1287 945 1401 968 exosus
1421 940 1517 978 atque
1535 934 1715 975 fugiendus,
1739 939 1770 966 ut

1028 987 1169 1020 nominis
1193 998 1323 1030 quoque
1348 987 1446 1030 ipsius
1476 987 1603 1019 oderint
1630 987 1769 1020 mentio-

1029 1051 1115 1073 nem.
1131 1041 1191 1073 Sed
1205 1040 1345 1084 perversi
1365 1039 1587 1081 religiosarum
1603 1039 1622 1055 ¹⁰
1642 1040 1770 1072 iustitu-

1031 1095 1154 1127 tionum
1170 1094 1319 1135 ministri,
1336 1105 1432 1138 quem
1445 1093 1527 1126 sicut
1546 1104 1656 1126 verum
1680 1094 1770 1126 dete-

1030 1147 1373 1185 stanturhaereticum,
1386 1147 1470 1180 hunc
1485 1146 1547 1179 alia
1559 1147 1608 1179 via
1621 1152 1773 1190 tauquam

1032 1212 1141 1234 verum
1167 1202 1393 1245 amplexantur
1418 1201 1646 1233 orthodoxum.
1671 1201 1776 1244 Siqui-

1032 1255 1103 1287 dem
1120 1255 1151 1287 in
1165 1260 1275 1288 saneta
1292 1255 1543 1288 Chalcedonensi
1561 1255 1682 1298 synodo
1702 1254 1774 1287 Dio-

1032 1319 1144 1341 scorus
1169 1309 1281 1342 eadem
1315 1309 1456 1341 sentiens
1487 1309 1557 1352 pari
1579 1309 1703 1341 ratione
1721 1309 1775 1341 da-

1035 1368 1161 1394 mnatus
1187 1368 1250 1401 est3
1278 1369 1308 1394 et
1328 1372 1427 1405 quum
1456 1372 1520 1394 una
1537 1367 1706 1405 persecuta
1737 1361 1774 1393 sit

1034 1420 1209 1458 utrumque
1241 1414 1410 1453 sententia,
1443 1414 1558 1446 horum
1592 1414 1727 1446 alterum
1752 1414 1777 1446 si

1035 1469 1105 1512 quis
1132 1474 1285 1512 sequatur
1305 1473 1335 1501 et
1364 1466 1519 1507 ditigatfl,
1545 1467 1629 1500 dieat
1661 1467 1777 1510 aliquis

1035 1522 1309 1565 quemadmodum
1343 1532 1376 1554 se
1397 1532 1433 1553 ea
1463 1520 1671 1559 sententiam,
1696 1531 1778 1564 quae

1035 1575 1218 1617 designatos
1228 1575 1400 1613 damnarit,
1414 1574 1564 1618 exeipiat3
1586 1585 1686 1617 quum
1708 1585 1774 1612 eos,

1035 1639 1116 1671 quos
1139 1628 1400 1670 transgressionis
1428 1634 1479 1660 aut
1507 1627 1679 1671 impietatis
1701 1637 1778 1660 eon-

1035 1682 1131 1715 nectit
1144 1681 1331 1725 aequalitas,
1345 1681 1413 1714 sine
1427 1681 1525 1714 dubio
1536 1692 1634 1713 unum
1650 1692 1778 1724 quoque

1036 1736 1198 1768 vinculum
1219 1735 1436 1768 damnationis
1459 1735 1647 1777 adstringat.
1671 1735 1778 1768 Timo-

1071 1854 1087 1880 6
1108 1854 1206 1879 Baron.
1229 1851 1327 1879 omittit
1342 1853 1444 1880 nostri.

1072 1903 1086 1929 7
1105 1902 1182 1929 Forte
1199 1900 1265 1927 haec
1281 1901 1384 1936 periodi
1399 1901 1514 1937 protasis
1538 1902 1574 1928 ita
1597 1901 1724 1936 legenda:
1745 1902 1780 1928 Et

1037 1949 1115 1975 nobis
1139 1947 1257 1982 quidem
1276 1955 1352 1973 »iimo
1364 1949 1429 1980 post
1447 1946 1667 1981 professionem,
1682 1955 1715 1972 ac
1733 1946 1781 1973 lit-

1039 1998 1114 2021 teras
1130 1997 1236 2021 ves-tras
1252 1994 1350 2021 omnia
1371 1992 1436 2026 fidei
1451 1993 1587 2026 domnola
1605 1994 1780 2021 venerantes,

1039 2039 1098 2065 Deo
1113 2048 1178 2065 suos
1188 2039 1388 2073 conitmglenle,
1407 2037 1544 2064 simililer
1566 2036 1711 2063 orandum
1730 2038 1779 2064 cst,

1041 2087 1069 2110 ut
1080 2104 1132 2110 .....

1073 2133 1090 2159 8
1109 2144 1120 2156 ⁴<
1133 2133 1187 2165 Qui
1210 2133 1276 2167 fidet
1295 2132 1424 2160 diuersae
1435 2131 1573 2158 nituntur
1591 2140 1613 2156 ι).
1635 2130 1782 2164 Perperam

1040 2178 1128 2205 Caras.

1075 2228 1091 2253 9
1111 2227 1175 2254 Scit.
1204 2227 1236 2253 ab
1258 2225 1410 2261 Aeeplialis,
1436 2225 1481 2260 qui
1501 2224 1537 2251 sic
1564 2223 1780 2259 appellabantur,

1041 2277 1111 2313 quod
1125 2276 1262 2311 Eutychen
1279 2278 1358 2310 caput
1375 2274 1528 2305 haereseos,
1541 2282 1620 2308 quam
1637 2276 1715 2299 eraut
1726 2281 1783 2298 am-

1042 2325 1123 2360 plexi,
1136 2324 1340 2351 aversabantur.
1360 2323 1379 2349 E
1396 2323 1470 2349 Cont.
1489 2324 1581 2349 (toust.
1594 2321 1680 2348 Deliis
1694 2325 1782 2347 autem

1043 2374 1093 2400 vid.
1113 2373 1260 2400 llercastel.
1276 2373 1349 2400 H'z'st.
1364 2373 1439 2399 Ecct.
1460 2372 1510 2399 rol.
1528 2379 1577 2404 vn,
1590 2379 1648 2406 pag.
1662 2371 1705 2403 83,
1717 2371 1782 2397 edit.

1041 2424 1107 2450 Ven.

1082 2472 1112 2498 10
1127 2470 1226 2503 Caraf.‚
1248 2470 1394 2504 resragant.
1408 2478 1471 2496 mss.
1492 2480 1503 2493 n
1519 2469 1586 2496 sorte
1603 2469 1783 2502 z'rreliqiosa-

1043 2524 1107 2543 rum
1130 2527 1155 2541 n.
1185 2514 1234 2540 Sed
1261 2522 1423 2548 perperam,
1445 2517 1473 2539 ut
1500 2513 1607 2549 opinor:
1630 2513 1784 2546 religiosum

1044 2559 1113 2586 enim
1131 2558 1228 2585 dicitur
1244 2558 1375 2593 quidquid
1396 2557 1428 2585 ad
1449 2557 1608 2591 religionem
1630 2558 1755 2592 pertinet.

1083 2609 1107 2634 tt
1129 2607 1165 2633 ld.
1185 2610 1235 2634 aut
1251 2608 1364 2641 (liliata.

1082 2658 1114 2684 12
1129 2657 1215 2684 Caraf.
1233 2656 1302 2684 male
1317 2665 1344 2684 se
1361 2665 1378 2683 α
1395 2657 1548 2685 sententia.

1803 242 1853 268 An.
1866 242 1894 269 C.
1915 243 1967 269 516

1804 303 1968 323 Haerent-bsur-

1783 332 1833 350 titer
1860 330 1969 350 obsistan-

1783 356 1839 376 dum,

1802 1271 1975 1292 n÷1-·;‹<oru=,ttcet

1793 1298 1908 1317 luutxclivm
1919 1298 1976 1317 ‹lete-

1794 1328 1807 1343 >t
1819 1331 1856 1344 tw.
1867 1324 1976 1344 damnato:
