2244 3183
71 251 122 276 An.
140 249 169 275 C.
186 248 236 275 483

104 311 187 331 Veritas
202 315 256 330 enim

73 338 203 367 iiivtnjlicala
218 342 255 362 op·

72 367 173 392 primitur.

71 1211 164 1231 Pastoris
170 1212 199 1230 est
208 1216 255 1240 gre-

71 1243 116 1263 gem
125 1243 184 1258 suum
192 1239 254 1258 tueri.

901 244 925 268 S.
948 245 1043 268 1³13th
1064 244 1099 268 111
1120 245 1170 268 ΓΡ.

271 295 466 333 defensatur,
480 293 684 338 opprimitur.
705 292 824 326 Deinde
845 303 918 325 cum
940 292 1007 331 tibi,

270 348 407 382 Domino
421 353 616 392 praestante,
629 347 714 391 apud
727 346 894 379 dominum
907 345 1008 378 filium

269 407 416 435 nostrum
437 401 624 443 religiosum
645 399 824 444 principem
843 398 1010 431 familiari-

272 461 366 488 tatem
400 465 468 488 esse
498 453 703 493 noverimus,
735 452 841 485 nullus
868 462 1010 495 unquam

270 509 375 553 potuit
398 508 538 548 suaderi,
562 507 768 540 dilectionem
790 511 878 539 tuam
899 505 1011 548 nequi-

270 562 351 595 visse
381 572 505 604 gerere,
540 559 639 605 quin¹
660 559 768 604 potius
794 559 951 592 noluisse:
982 563 1012 591 et

271 615 344 648 ideo
356 615 431 658 quia
442 625 507 648 non
516 612 781 658 impossibilitatis
792 611 802 628 ⁹
816 617 908 652 esset,
925 612 1012 655 quod

272 674 450 709 taceretur,
468 668 536 711 ipse
547 677 677 711 quoque
688 676 753 699 non
770 665 918 707 ambigis,
935 665 1012 709 quid

270 721 346 753 111110
369 720 557 754 universalis
577 720 721 753 iudicare
737 719 839 763 possit
858 718 1008 752 Ecclesia.

314 774 344 807 ’5,
370 774 429 807 Ubi
458 780 521 814 est,
554 774 653 806 l'ratcr
680 772 791 813 Aeaei,
818 772 909 804 labor
929 777 1013 812 tuus,

270 839 334 871 quo
357 827 532 872 tyrannidis
550 826 732 860 haereticae
752 832 897 869 tempore
917 825 1012 858 desu-

270 882 373 914 dasti?
398 881 533 914 Patieris
561 881 623 914 1100
648 881 767 914 damno
796 878 1012 912 eonscientiae

271 941 343 968 tuae
358 935 516 968 eiusmodi
534 935 640 978 perire
660 934 866 967 mercedem?
879 932 1012 975 Respice

269 987 405 1031 apostoli
436 987 543 1025 verba,
567 998 649 1030 quae
671 985 867 1019 testantur³z
895 985 1012 1018 Curre-

271 1041 354 1073 batis
364 1041 454 1079 bene:
479 1040 554 1084 quis
574 1050 627 1072 vos
647 1039 883 1082 confascinavit
895 1038 925 1070 '³5’
951 1038 1013 1071 Cur

270 1104 396 1135 eorum,
425 1094 533 1131 frater,
557 1103 713 1137 quaerere
739 1092 870 1125 semitas
890 1097 1013 1125 veteres

270 1158 356 1180 nunc
375 1147 553 1190 relinquis?
578 1147 639 1180 Cur
659 1145 858 1179 irruentibus
878 1145 910 1177 in
930 1145 1013 1178 ovile

270 1200 470 1234 dominicum
496 1200 580 1244 lupis
600 1200 689 1232 nulla
719 1199 884 1242 vigilantia
911 1199 1013 1232 mini-

270 1255 359 1288 sterii
393 1254 564 1298 pastoralis
595 1253 740 1291 obsistis,
772 1254 828 1286 sed
853 1253 1003 1297 aequani-

271 1307 366 1341 miter
385 1314 481 1351 atque
498 1318 630 1340 securus
651 1306 860 1340 commissum
881 1317 1012 1349 gregem

271 1367 326 1394 aut
358 1361 472 1394 laniari
500 1360 672 1404 perspicis,
698 1367 753 1394 aut
780 1360 890 1394 necari
902 1361 916 1392 ἱ)
944 1361 1013 1393 Non

270 1414 431 1447 dicentem
460 1414 575 1447 recolis
602 1414 794 1454 Dominum,
820 1419 851 1446 et
871 1413 1012 1446 animam

270 1479 360 1502 suam
375 1469 506 1512 quidem
527 1479 586 1512 pro
607 1468 720 1502 ovibus
733 1478 855 1512 ponere
872 1467 942 1511 pios
955 1478 1013 1511 pro

270 1521 442 1555 devotione
461 1527 622 1565 pastores;
646 1521 884 1554 mercenarium
905 1526 1012 1554 autem

270 1575 310 1608 de
323 1574 372 1608 his
385 1585 496 1608 curam
510 1575 638 1619 penitus
651 1585 717 1608 non
737 1575 922 1614 habentem,
940 1586 1014 1608 mox

271 1633 306 1661 ut
335 1628 470 1662 bestiam
502 1630 584 1662 sorte
616 1628 836 1672 conspexerit,
860 1628 928 1661 sine
949 1630 1014 1662 ulla

271 1681 428 1724 diffugere
452 1681 711 1715 consideratione
737 1683 928 1714 testantem?
950 1682 1010 1715 Ve-

270 1745 342 1768 rum
375 1746 448 1768 eum
479 1735 534 1768 tibi
564 1735 706 1777 fugiendi
736 1735 827 1767 nulla
846 1735 886 1768 sit
903 1746 1010 1776 causa,

271 1789 359 1832 (nam
377 1789 466 1821 nulla
486 1788 627 1822 formido
645 1788 704 1831 est.)
726 1794 848 1829 metuo,
872 1800 912 1822 ne
925 1795 1015 1833 septa

272 1842 436 1876 dominica
453 1852 518 1875 non
529 1847 593 1874 tam
607 1852 726 1885 pavore
739 1842 900 1883 deserere,
917 1854 1013 1886 quam

273 1895 375 1939 (quod
400 1900 447 1928 est
471 1895 706 1938 detestabilius)
734 1893 849 1939 sponte
879 1895 1015 1930 videaris

272 1948 374 1982 saevis
395 1948 546 1982 dentibus
566 1947 723 1981 obiecisse
735 1949 755 1981 ⁵.

332 2002 362 2035 6.
392 2002 543 2035 Ausculta
574 2012 685 2035 vocem
715 2001 859 2035 eiusdem
888 2003 1015 2036 Domini

272 2056 532 2100 praemonentis:
556 2056 620 2096 Qui
637 2066 763 2089 mecum
780 2066 845 2089 non
865 2061 920 2095 est,
941 2068 1016 2090 con-

275 2115 326 2143 tra
350 2121 399 2143 me
430 2115 494 2143 est:
524 2115 552 2143 et
569 2110 629 2153 qui
647 2120 772 2143 mecum
789 2121 855 2143 11οη
875 2111 1014 2155 colliyz'l,

273 2164 434 2208 zlisperqit
452 2164 473 2197 ⁰.
498 2164 534 2197 Et
555 2164 726 2206 diligenter
755 2165 903 2205 attende,
938 2165 1017 2198 nihil

274 2218 361 2252 aliud
393 2229 480 2259 esse;
512 2228 577 2251 non
601 2227 778 2261 procurare
802 2228 891 2262 quae⁴
903 2218 1017 2252 Christi

311 2316 318 2342 1
344 2315 394 2342 Cit.
411 2315 491 2342 codd.
509 2318 582 2342 recte
597 2323 695 2349 quam.

308 2361 325 2386 ‘2
342 2360 392 2387 lid.
417 2360 497 2387 codd.
528 2368 587 2387 non
606 2359 853 2394 «impossibilitatis
876 2360 952 2395 suit,
973 2361 1019 2389 sed

270 2401 440 2441 ¹voluntatis.
459 2400 537 2428 Forte
554 2400 662 2427 melius.

308 2446 325 2473 3
340 2446 389 2472 eit.
406 2445 484 2473 codd.
506 2445 668 2480 Apostoli...
686 2447 826 2474 testantis.

308 2491 325 2517 4
340 2490 424 2517 Galat.
442 2498 469 2524 v,
484 2499 510 2517 v.
523 2490 548 2525 7,
561 2490 607 2517 ubi
618 2490 722 2525 Vulgat.
739 2490 817 2526 legit:
831 2491 896 2526 quis
907 2499 952 2519 vos
963 2491 1018 2519 im-

270 2530 381 2565 pedivit
395 2531 514 2558 veritali
532 2538 589 2557 11011
606 2531 722 2558 obedire
737 2531 749 2556 ἵ)

309 2571 326 2597 5
340 2571 382 2597 Α1.
400 2571 468 2598 sorte
483 2571 625 2599 deiecisse.
648 2570 718 2597 Cur?

310 2611 327 2637 6
347 2611 411 2638 Luc.
427 2619 465 2646 xi,
479 2620 503 2637 v.
513 2611 558 2646 23,
569 2610 614 2639 ubi
631 2610 706 2646 Vulg.
726 2611 807 2638 verba
822 2610 886 2646 legit
896 2610 1019 2647 aliquau-

277 2650 362 2679 tulum
379 2651 552 2687 transposita.

1692 233 1755 265 :³45
1819 243 1867 268 An.
1886 244 1914 269 c.
1936 242 1983 268 5⁸3

1044 298 1128 332 sunt,
1152 292 1211 325 nisi
1240 304 1273 325 se
1296 293 1401 335 palam
1424 291 1569 335 profiteri
1590 291 1657 324 eius
1678 290 1785 323 inimi-

1045 356 1129 378 cum.
1154 346 1222 378 Non
1243 346 1451 389 desperemus
1472 346 1587 385 facere,
1611 345 1718 384 frater,
1735 355 1786 377 ve-

1046 408 1113 430 ram
1135 398 1307 431 Salvatoris
1327 398 1428 431 nostri
1448 398 1654 438 sententiam,
1678 408 1786 441 quase

1046 461 1146 494 usque
1175 452 1215 483 ad
1247 451 1344 484 tinem
1370 451 1489 484 saeculi
1520 451 1681 484 Ecclesiae
1710 461 1787 483 suae

1046 514 1111 537 non
1136 504 1324 537 defuturum
1346 515 1413 538 esse
1442 505 1603 548 pollicitus
1626 507 1705 543 est73
1729 515 1789 537 nee

1046 557 1085 589 ab
1110 557 1204 590 inseri
1229 557 1331 600 portis
1355 568 1425 590 eam
1447 558 1524 590 dixit
1542 568 1610 591 esse
1630 568 1788 601 superan-

1047 610 1138 649 dam;
1163 616 1194 643 et
1213 621 1296 653 quae
1308 610 1417 643 omnia
1434 621 1490 653 per
1504 610 1699 654 apostolicae
1712 610 1790 643 scita

1047 664 1213 697 doctrinae
1234 664 1411 706 ligarentur
1432 663 1463 695 in
1479 663 1582 703 terris,
1601 674 1660 696 nec
1674 663 1705 695 in
1719 674 1790 696 coe-

1047 717 1179 750 lestibus
1201 717 1391 750 memorarit
1412 716 1532 749 absolvi
1554 717 1574 748 ὃ.
1599 717 1709 759 Neque
1732 728 1790 759 pu-

1047 776 1162 811 temus,
1186 771 1274 814 quod
1294 770 1493 814 quibuslibet
1512 769 1553 802 sit
1575 770 1688 802 vallata
1699 770 1787 813 peri-

1047 824 1138 864 culis,
1177 834 1320 867 unquam
1353 823 1481 867 pondus
1510 822 1627 864 vigoris
1655 822 1703 855 sui
1743 824 1790 855 vel

1047 887 1184 910 censura
1214 875 1390 909 beatissimi
1418 875 1516 915 Petri,
1544 875 1591 907 vel
1617 874 1791 907 auctoritas

1048 930 1236 963 universalis
1246 929 1557 967 amittatEcclesiao,
1573 940 1655 972 quae
1670 934 1791 971 quanto

1047 984 1149 1026 magis
1167 989 1267 1024 cavet,
1281 994 1321 1017 ne
1334 983 1445 1016 mundi
1460 981 1729 1026 prosperitatibus
1743 981 1791 1014 in-
1815 1018 1821 1022 q
1833 992 1877 1011 301.
1889 992 1989 1014 niumm.-

1049 1043 1200 1081 tepescat,
1221 1042 1309 1070 tanto
1330 1047 1395 1069 non
1415 1036 1585 1078 frangitur,
1608 1035 1664 1068 sed
1686 1018 1990 1079 11011115ΕζζιῙξίιῖἱὶἶῗζίΪὶἷῖὗ

1047 1091 1175 1124 erudita
1192 1089 1343 1123 divinitus
1364 1088 1478 1122 erescit
1497 1087 1649 1121 adversis.
1682 1088 1791 1121 Unde⁹
1807 1072 1910 1092 ammi

1047 1143 1309 1188 perspiciendum
1331 1147 1390 1182 est,
1410 1153 1450 1175 ne
1475 1152 1559 1182 eam,
1587 1152 1670 1184 quae
1694 1141 1791 1174 nullis

1047 1204 1152 1242 potest
1169 1197 1263 1231 obrui
1278 1196 1420 1230 motibus
1430 1194 1451 1213 ¹⁰
1464 1195 1697 1239 procellarum,
1719 1195 1791 1238 qui-

1048 1263 1188 1296 cumque
1211 1262 1281 1285 eam
1302 1251 1512 1292 submergere
1532 1249 1645 1282 nititur
1665 1249 1697 1282 in
1722 1249 1792 1292 ipso

1048 1305 1168 1338 saeculi
1189 1305 1303 1348 pelago
1325 1303 1521 1344 fluctuantis,
1556 1303 1624 1347 ipse
1650 1302 1758 1347 potius
1775 1314 1793 1335 a

1048 1359 1283 1402 gubernatione
1308 1357 1441 1391 salutari
1466 1357 1498 1390 111
1522 1357 1683 1401 profunda
1707 1356 1793 1389 deie-

1048 1418 1128 1453 ctus,
1150 1412 1204 1445 illa
1224 1411 1441 1455 praevalente,
1465 1416 1640 1453 mergatur.

1094 1466 1122 1499 7.
1152 1467 1255 1510 Atque
1287 1465 1378 1506 ideo,
1402 1475 1475 1498 cum
1506 1464 1549 1497 ita
1575 1464 1634 1504 sit,
1659 1474 1788 1505 moneo,
1830 1471 1992 1517 .⁰{¹:¹¹‘12,·¹·1·¹s⁰,·‘·

1049 1520 1161 1552 hortor
1181 1525 1212 1552 et
1231 1519 1363 1559 suadeo,
1387 1524 1421 1551 ut
1434 1528 1517 1561 quae
1531 1517 1703 1551 commissa
1717 1522 1792 1550 sunt
1806 1504 1992 1571 {liser‘i'ilisssiidinss

1050 1574 1204 1616 corrigas,
1229 1579 1260 1606 et
1279 1572 1501 1616 frequentibus
1518 1571 1632 1605 studiis
1653 1572 1732 1604 dete
1746 1572 1791 1604 sa-
1807 1558 1842 1571 Μ’

1050 1627 1114 1660 cias
1142 1626 1277 1659 meliora
1308 1625 1438 1659 sentiri:
1467 1625 1639 1668 Neglligyere
1658 1625 1789 1668 quippe,

1049 1690 1122 1712 011111
1140 1679 1243 1723 possis
1263 1679 1436 1712 deturbare
1451 1689 1626 1722 perversos,
1643 1679 1732 1711 m'lzil
1749 1683 1793 1710 est

1049 1733 1144 1766 aliud
1164 1744 1265 1777 quam
1280 1734 1393 1776 sorore.
1416 1733 1488 1765 Non
1502 1731 1520 1748 ¹¹
1540 1736 1624 1764 caret
1641 1732 1793 1775 scrupulo

1048 1787 1210 1820 societatis
1223 1786 1376 1826 occultae,
1396 1787 1456 1829 qui
1475 1786 1637 1819 evidenter
1653 1786 1795 1828 facinori

1049 1841 1170 1873 desinit
1195 1839 1364 1873 obviarem.
1388 1840 1478 1873 Unde
1498 1839 1523 1872 si
1549 1844 1661 1872 contra
1680 1839 1793 1882 synodi

1050 1894 1196 1927 instituta
1216 1893 1485 1928 Chalcedonensis
1512 1893 1644 1926 tendere
1665 1892 1795 1925 hostilia

1050 1948 1149 1981 corda
1167 1947 1334 1992 perspicis,
1353 1953 1385 1980 et
1404 1946 1563 1990 quiescis,
1588 1946 1665 1979 mihi
1685 1947 1791 1983 crede,

1050 2002 1161 2035 nescio
1182 2001 1459 2045 quemadmodum
1484 2006 1512 2033 10
1526 2000 1685 2033 Ecclesiae
1698 1999 1794 2032 totius

1051 2055 1165 2089 asseris
1178 2066 1246 2088 esse
1260 2054 1461 2098 participem.
1476 2055 1521 2087 Ad
1533 2060 1562 2087 te
1576 2054 1686 2087 oculos
1699 2064 1793 2096 prae-

1054 2115 1140 2142 terea
1160 2119 1225 2142 non
1239 2108 1376 2149 reducis,
1391 2108 1544 2151 quianon
1562 2107 1666 2140 solum
1689 2106 1719 2138 in
1734 2106 1795 2138 hac

1052 2174 1148 2197 causa
1168 2163 1319 2196 adversus
1344 2172 1473 2195 omnem
1496 2160 1645 2194 catholici
1663 2160 1794 2201 dogma-

1054 2217 1091 2251 tis
1114 2217 1262 2250 tendatur
1283 2215 1452 2256 unitatem,
1472 2215 1527 2248 sed
1550 2213 1644 2248 etiam
1670 2213 1794 2247 cunctis

1844 356 1920 376 Christi
1936 362 1985 380 pru»-

1801 389 1870 403 missts
1880 383 1985 403 fidendum

1088 2314 1102 2340 7
1119 2312 1213 2340 lllattli.
1229 2319 1322 2347 xxviii,
1339 2319 1363 2339 v.
1386 2312 1430 2339 20.

1088 2364 1103 2389 8
1124 2363 1162 2390 ld.
1179 2370 1234 2397 xvi,
1250 2370 1275 2389 ν.
1299 2363 1330 2389 18
1346 2365 1373 2389 et
1390 2362 1432 2388 ti).

1087 2412 1105 2438 9
1121 2413 1161 2439 ΑΙ.
1183 2412 1243 2439 ubt'.

1090 2462 1122 2489 10
1136 2461 1179 2487 Al.
1195 2460 1326 2488 molibus.

1089 2512 1117 2538 ‘11
1138 2511 1180 2537 Al.
1198 2511 1263 2538 Nec.
1280 2509 1377 2537 Melius
1393 2510 1425 2536 ad
1441 2512 1509 2536 orat.
1524 2512 1641 2536 context.

1091 2562 1122 2588 12
1139 2561 1209 2587 llaec
1225 2560 1308 2587 verba
1322 2559 1393 2594 apud
1414 2558 1569 2585 Gratianum
1585 2557 1725 2584 Anastasio
1745 2556 1793 2582 l'l'.

1054 2606 1218 2633 tribuuntur.
1237 2605 1274 2633 lta
1289 2603 1419 2631 llarduin.
1437 2604 1498 2632 Ace.
1517 2603 1623 2630 Concil.
1641 2606 1703 2629 tom.
1725 2608 1752 2635 n,
1769 2610 1794 2636 p.

1053 2651 1115 2680 813.
