<?xml version="1.0" encoding="UTF-8"?>
<!DOCTYPE html PUBLIC "-//W3C//DTD XHTML 1.0 Transitional//EN"
    "http://www.w3.org/TR/xhtml1/DTD/xhtml1-transitional.dtd">
<html xmlns="http://www.w3.org/1999/xhtml" xml:lang="en" lang="en">
 <head>
  <title>
</title>
<meta http-equiv="Content-Type" content="text/html;charset=utf-8" />
  <meta name='ocr-system' content='tesseract 3.04.00' />
  <meta name='ocr-capabilities' content='ocr_page ocr_carea ocr_par ocr_line ocrx_word'/>
</head>
<body>
  <div class='ocr_page' id='page_1' title='image "./bullarumdiplomat00cath/bullarumdiplomat00cath_0135.png"; bbox 0 0 2244 3183; ppageno 0'>
   <div class='ocr_carea' id='block_1_1' title="bbox 0 0 29 3183">
    <p class='ocr_par' dir='ltr' id='par_1_1' title="bbox 0 0 29 3183">
     <span class='ocr_line' id='line_1_1' title="bbox 0 0 29 3183; baseline 0 0"><span class='ocrx_word' id='word_1_1' title='bbox 0 0 29 3183; x_wconf 95' lang='lat' dir='ltr'><em> </em></span> 
     </span>
    </p>
   </div>
   <div class='ocr_carea' id='block_1_2' title="bbox 66 207 813 290">
    <p class='ocr_par' dir='ltr' id='par_1_2' title="bbox 66 207 813 290">
     <span class='ocr_line' id='line_1_2' title="bbox 66 207 234 236; baseline -0.006 0"><span class='ocrx_word' id='word_1_2' title='bbox 66 209 114 236; x_wconf 74' lang='lat' dir='ltr'><em>An.</em></span> <span class='ocrx_word' id='word_1_3' title='bbox 133 208 162 235; x_wconf 87' lang='lat' dir='ltr'><em>c.</em></span> <span class='ocrx_word' id='word_1_4' title='bbox 182 207 234 235; x_wconf 73' lang='grc'><em>453</em></span> 
     </span>
     <span class='ocr_line' id='line_1_3' title="bbox 451 254 813 290; baseline 0.003 -2"><span class='ocrx_word' id='word_1_5' title='bbox 451 254 634 290; x_wconf 77' lang='lat' dir='ltr'>EPISTOLA</span> <span class='ocrx_word' id='word_1_6' title='bbox 654 255 773 289; x_wconf 83' lang='lat' dir='ltr'>LXXIX</span> <span class='ocrx_word' id='word_1_7' title='bbox 794 254 813 288; x_wconf 89' lang='lat'><em>¹.</em></span> 
     </span>
    </p>
   </div>
   <div class='ocr_carea' id='block_1_3' title="bbox 262 350 1006 557">
    <p class='ocr_par' dir='ltr' id='par_1_3' title="bbox 262 350 1006 557">
     <span class='ocr_line' id='line_1_4' title="bbox 262 350 1003 396; baseline 0 -10"><span class='ocrx_word' id='word_1_8' title='bbox 262 352 309 386; x_wconf 84' lang='lat' dir='ltr'><em>De</em></span> <span class='ocrx_word' id='word_1_9' title='bbox 339 350 500 386; x_wconf 81' lang='lat' dir='ltr'><em>Ecclesiae</em></span> <span class='ocrx_word' id='word_1_10' title='bbox 532 352 699 396; x_wconf 81' lang='lat' dir='ltr'><em>triumpho</em></span> <span class='ocrx_word' id='word_1_11' title='bbox 727 352 878 386; x_wconf 70' lang='lat' dir='ltr'><em>exultans</em></span> <span class='ocrx_word' id='word_1_12' title='bbox 906 353 1003 386; x_wconf 83' lang='lat' dir='ltr'><em>illum</em></span> 
     </span>
     <span class='ocr_line' id='line_1_5' title="bbox 309 405 1006 450; baseline -0.001 -10"><span class='ocrx_word' id='word_1_13' title='bbox 309 405 437 440; x_wconf 81' lang='lat' dir='ltr'><em>Christo</em></span> <span class='ocrx_word' id='word_1_14' title='bbox 461 406 619 450; x_wconf 69' lang='lat' dir='ltr'><em>apprime</em></span> <span class='ocrx_word' id='word_1_15' title='bbox 640 406 767 447; x_wconf 80' lang='lat' dir='ltr'><em>tribuit,</em></span> <span class='ocrx_word' id='word_1_16' title='bbox 801 410 829 439; x_wconf 89' lang='lat' dir='ltr'><em>et</em></span> <span class='ocrx_word' id='word_1_17' title='bbox 857 406 1006 440; x_wconf 81' lang='lat' dir='ltr'><em>Dioscori</em></span> 
     </span>
     <span class='ocr_line' id='line_1_6' title="bbox 305 459 1004 501; baseline 0.003 -10"><span class='ocrx_word' id='word_1_18' title='bbox 305 459 455 501; x_wconf 86' lang='lat' dir='ltr'><em>facinora</em></span> <span class='ocrx_word' id='word_1_19' title='bbox 484 464 650 493; x_wconf 76' lang='lat' dir='ltr'><em>execratus</em></span> <span class='ocrx_word' id='word_1_20' title='bbox 683 459 917 493; x_wconf 80' lang='lat' dir='ltr'><em>Tlieodoretum</em></span> <span class='ocrx_word' id='word_1_21' title='bbox 948 460 1004 493; x_wconf 80' lang='lat' dir='ltr'><em>ad-</em></span> 
     </span>
     <span class='ocr_line' id='line_1_7' title="bbox 310 513 896 557; baseline 0 -11"><span class='ocrx_word' id='word_1_22' title='bbox 310 522 419 546; x_wconf 81' lang='lat' dir='ltr'><em>versus</em></span> <span class='ocrx_word' id='word_1_23' title='bbox 439 513 599 546; x_wconf 75' lang='lat' dir='ltr'><em>haeresim</em></span> <span class='ocrx_word' id='word_1_24' title='bbox 621 514 725 557; x_wconf 70' lang='lat' dir='ltr'><em>maqis</em></span> <span class='ocrx_word' id='word_1_25' title='bbox 741 513 896 546; x_wconf 77' lang='lat' dir='ltr'><em>incendit.</em></span> 
     </span>
    </p>
   </div>
   <div class='ocr_carea' id='block_1_4' title="bbox 304 603 969 694">
    <p class='ocr_par' dir='ltr' id='par_1_4' title="bbox 304 603 969 694">
     <span class='ocr_line' id='line_1_8' title="bbox 304 603 969 639; baseline 0.002 -8"><span class='ocrx_word' id='word_1_26' title='bbox 304 603 508 632; x_wconf 75' lang='lat' dir='ltr'><em>Dilectissimo</em></span> <span class='ocrx_word' id='word_1_27' title='bbox 524 604 611 632; x_wconf 74' lang='lat' dir='ltr'><em>fratri</em></span> <span class='ocrx_word' id='word_1_28' title='bbox 628 604 812 632; x_wconf 80' lang='lat' dir='ltr'><em>Theodoreto</em></span> <span class='ocrx_word' id='word_1_29' title='bbox 827 604 969 639; x_wconf 80' lang='lat' dir='ltr'><em>Episcopo</em></span> 
     </span>
     <span class='ocr_line' id='line_1_9' title="bbox 509 659 755 694; baseline 0 -8"><span class='ocrx_word' id='word_1_30' title='bbox 509 659 564 687; x_wconf 86' lang='lat' dir='ltr'><em>Leo</em></span> <span class='ocrx_word' id='word_1_31' title='bbox 584 659 755 694; x_wconf 75' lang='lat' dir='ltr'>Episcopus.</span> 
     </span>
    </p>
   </div>
   <div class='ocr_carea' id='block_1_5' title="bbox 920 210 1138 235">
    <p class='ocr_par' dir='ltr' id='par_1_5' title="bbox 920 210 1138 235">
     <span class='ocr_line' id='line_1_10' title="bbox 920 210 1138 235; baseline 0.009 -2"><span class='ocrx_word' id='word_1_32' title='bbox 920 210 946 233; x_wconf 88' lang='lat' dir='ltr'><em>S.</em></span> <span class='ocrx_word' id='word_1_33' title='bbox 975 211 1037 234; x_wconf 79' lang='lat' dir='ltr'><em>LEO</em></span> <span class='ocrx_word' id='word_1_34' title='bbox 1058 211 1068 234; x_wconf 92' lang='lat'>1</span> <span class='ocrx_word' id='word_1_35' title='bbox 1088 212 1138 235; x_wconf 87' lang='lat' dir='ltr'><em>PP.</em></span> 
     </span>
    </p>
   </div>
   <div class='ocr_carea' id='block_1_6' title="bbox 1020 371 1023 523">
    <p class='ocr_par' dir='ltr' id='par_1_6' title="bbox 1020 371 1023 523">
     <span class='ocr_line' id='line_1_11' title="bbox 1020 371 1023 523; baseline 0 2660"><span class='ocrx_word' id='word_1_36' title='bbox 1020 371 1023 523; x_wconf 95' lang='lat' dir='ltr'><em> </em></span> 
     </span>
    </p>
   </div>
   <div class='ocr_carea' id='block_1_7' title="bbox 1038 208 1977 724">
    <p class='ocr_par' dir='ltr' id='par_1_7' title="bbox 1039 208 1977 411">
     <span class='ocr_line' id='line_1_12' title="bbox 1686 208 1977 249; baseline 0.034 -10"><span class='ocrx_word' id='word_1_37' title='bbox 1686 208 1747 241; x_wconf 43' lang='lat'>1⁴19</span> <span class='ocrx_word' id='word_1_38' title='bbox 1810 220 1860 246; x_wconf 76' lang='lat' dir='ltr'><em>An.</em></span> <span class='ocrx_word' id='word_1_39' title='bbox 1881 220 1909 247; x_wconf 84' lang='lat' dir='ltr'><em>C.</em></span> <span class='ocrx_word' id='word_1_40' title='bbox 1925 222 1977 249; x_wconf 70' lang='lat'><em>453</em></span> 
     </span>
     <span class='ocr_line' id='line_1_13' title="bbox 1040 258 1976 311; baseline 0.013 -20"><span class='ocrx_word' id='word_1_41' title='bbox 1040 258 1152 299; x_wconf 87' lang='lat' dir='ltr'><em>micus,</em></span> <span class='ocrx_word' id='word_1_42' title='bbox 1181 267 1302 304; x_wconf 87' lang='lat' dir='ltr'><em>quanto</em></span> <span class='ocrx_word' id='word_1_43' title='bbox 1328 269 1439 296; x_wconf 82' lang='lat' dir='ltr'><em>eontra</em></span> <span class='ocrx_word' id='word_1_44' title='bbox 1455 263 1568 297; x_wconf 81' lang='lat' dir='ltr'><em>Christi</em></span> <span class='ocrx_word' id='word_1_45' title='bbox 1588 265 1597 278; x_wconf 72' lang='lat'><strong>⁵</strong></span> <span class='ocrx_word' id='word_1_46' title='bbox 1617 265 1780 299; x_wconf 83' lang='lat' dir='ltr'><em>ministros</em></span> <span class='ocrx_word' id='word_1_47' title='bbox 1795 285 1900 311; x_wconf 50' lang='lat' dir='ltr'><em>mmmm&lt;</em></span> <span class='ocrx_word' id='word_1_48' title='bbox 1932 289 1976 303; x_wconf 60' lang='lat' dir='ltr'><em>sa.-</em></span> 
     </span>
     <span class='ocr_line' id='line_1_14' title="bbox 1039 312 1949 352; baseline 0.012 -9"><span class='ocrx_word' id='word_1_49' title='bbox 1039 312 1163 345; x_wconf 83' lang='lat' dir='ltr'><em>saevius</em></span> <span class='ocrx_word' id='word_1_50' title='bbox 1188 313 1369 348; x_wconf 80' lang='lat' dir='ltr'><em>insurrexit.</em></span> <span class='ocrx_word' id='word_1_51' title='bbox 1399 316 1477 349; x_wconf 79' lang='lat' dir='ltr'><em>Nam</em></span> <span class='ocrx_word' id='word_1_52' title='bbox 1504 328 1544 351; x_wconf 90' lang='lat' dir='ltr'><em>ne</em></span> <span class='ocrx_word' id='word_1_53' title='bbox 1570 317 1703 351; x_wconf 85' lang='lat' dir='ltr'><em>aliarum</em></span> <span class='ocrx_word' id='word_1_54' title='bbox 1725 330 1777 352; x_wconf 84' lang='lat' dir='ltr'><em>se·</em></span> <span class='ocrx_word' id='word_1_55' title='bbox 1796 314 1840 328; x_wconf 54' lang='lat'><strong>‘¹¹¹⁵</strong></span> <span class='ocrx_word' id='word_1_56' title='bbox 1856 312 1949 335; x_wconf 64' lang='lat'>¹”⁵⁰&#39;⁸&#39;¹&#39;</span> 
     </span>
     <span class='ocr_line' id='line_1_15' title="bbox 1039 364 1779 411; baseline 0.014 -15"><span class='ocrx_word' id='word_1_57' title='bbox 1039 364 1128 397; x_wconf 88' lang='lat' dir='ltr'><em>dium</em></span> <span class='ocrx_word' id='word_1_58' title='bbox 1153 366 1193 398; x_wconf 89' lang='lat' dir='ltr'><em>ad</em></span> <span class='ocrx_word' id='word_1_59' title='bbox 1218 377 1300 407; x_wconf 85' lang='lat' dir='ltr'><em>eam,</em></span> <span class='ocrx_word' id='word_1_60' title='bbox 1318 379 1415 411; x_wconf 88' lang='lat' dir='ltr'><em>quam</em></span> <span class='ocrx_word' id='word_1_61' title='bbox 1430 370 1544 404; x_wconf 82' lang='lat' dir='ltr'><em>ceteris</em></span> <span class='ocrx_word' id='word_1_62' title='bbox 1558 371 1704 404; x_wconf 85' lang='lat' dir='ltr'><em>oninium</em></span> <span class='ocrx_word' id='word_1_63' title='bbox 1717 373 1779 406; x_wconf 92' lang='lat' dir='ltr'><em>Do-</em></span> 
     </span>
    </p>

    <p class='ocr_par' dir='ltr' id='par_1_8' title="bbox 1039 417 1780 464">
     <span class='ocr_line' id='line_1_16' title="bbox 1039 417 1780 464; baseline 0.015 -15"><span class='ocrx_word' id='word_1_64' title='bbox 1039 417 1145 451; x_wconf 81' lang='lat' dir='ltr'><em>minus</em></span> <span class='ocrx_word' id='word_1_65' title='bbox 1166 420 1275 452; x_wconf 85' lang='lat' dir='ltr'><em>statuit</em></span> <span class='ocrx_word' id='word_1_66' title='bbox 1294 421 1304 437; x_wconf 80' lang='lat'>⁹</span> <span class='ocrx_word' id='word_1_67' title='bbox 1324 423 1520 464; x_wconf 75' lang='lat' dir='ltr'><em>praesidere,</em></span> <span class='ocrx_word' id='word_1_68' title='bbox 1548 435 1721 460; x_wconf 77' lang='lat' dir='ltr'><em>consensus</em></span> <span class='ocrx_word' id='word_1_69' title='bbox 1733 437 1780 460; x_wconf 88' lang='lat' dir='ltr'><em>as-</em></span> 
     </span>
    </p>

    <p class='ocr_par' dir='ltr' id='par_1_9' title="bbox 1038 471 1780 520">
     <span class='ocr_line' id='line_1_17' title="bbox 1038 471 1780 520; baseline 0.015 -18"><span class='ocrx_word' id='word_1_70' title='bbox 1038 471 1175 504; x_wconf 82' lang='lat' dir='ltr'><em>sentatio</em></span> <span class='ocrx_word' id='word_1_71' title='bbox 1201 472 1373 514; x_wconf 85' lang='lat' dir='ltr'><em>videretur,</em></span> <span class='ocrx_word' id='word_1_72' title='bbox 1391 481 1445 508; x_wconf 86' lang='lat' dir='ltr'><em>aut</em></span> <span class='ocrx_word' id='word_1_73' title='bbox 1459 476 1519 509; x_wconf 79' lang='lat' dir='ltr'><em>alia</em></span> <span class='ocrx_word' id='word_1_74' title='bbox 1531 479 1693 520; x_wconf 74' lang='lat' dir='ltr'><em>quaelibet</em></span> <span class='ocrx_word' id='word_1_75' title='bbox 1705 480 1780 513; x_wconf 88' lang='lat' dir='ltr'><em>sub-</em></span> 
     </span>
    </p>

    <p class='ocr_par' dir='ltr' id='par_1_10' title="bbox 1038 528 1780 574">
     <span class='ocr_line' id='line_1_18' title="bbox 1038 528 1780 574; baseline 0.013 -18"><span class='ocrx_word' id='word_1_76' title='bbox 1038 534 1152 568; x_wconf 83' lang='lat' dir='ltr'><em>repere</em></span> <span class='ocrx_word' id='word_1_77' title='bbox 1179 532 1286 568; x_wconf 87' lang='lat' dir='ltr'><em>posset</em></span> <span class='ocrx_word' id='word_1_78' title='bbox 1313 528 1445 561; x_wconf 79' lang='lat' dir='ltr'><em>adversa</em></span> <span class='ocrx_word' id='word_1_79' title='bbox 1473 531 1629 574; x_wconf 66' lang='lat' dir='ltr'><em>suspicio,</em></span> <span class='ocrx_word' id='word_1_80' title='bbox 1661 533 1780 566; x_wconf 70' lang='lat' dir='ltr'><em>inventi</em></span> 
     </span>
    </p>

    <p class='ocr_par' dir='ltr' id='par_1_11' title="bbox 1038 577 1781 623">
     <span class='ocr_line' id='line_1_19' title="bbox 1038 577 1781 623; baseline 0.012 -13"><span class='ocrx_word' id='word_1_81' title='bbox 1038 577 1126 620; x_wconf 82' lang='lat' dir='ltr'><em>prins</em></span> <span class='ocrx_word' id='word_1_82' title='bbox 1150 584 1235 619; x_wconf 88' lang='lat' dir='ltr'><em>sunt,</em></span> <span class='ocrx_word' id='word_1_83' title='bbox 1259 579 1314 623; x_wconf 87' lang='lat' dir='ltr'><em>qui</em></span> <span class='ocrx_word' id='word_1_84' title='bbox 1336 581 1375 613; x_wconf 90' lang='lat' dir='ltr'><em>de</em></span> <span class='ocrx_word' id='word_1_85' title='bbox 1395 581 1521 616; x_wconf 80' lang='lat' dir='ltr'><em>iudiciis</em></span> <span class='ocrx_word' id='word_1_86' title='bbox 1542 585 1659 618; x_wconf 82' lang='lat' dir='ltr'><em>nostris</em></span> <span class='ocrx_word' id='word_1_87' title='bbox 1679 586 1781 619; x_wconf 85' lang='lat' dir='ltr'><em>ambi-</em></span> 
     </span>
    </p>

    <p class='ocr_par' dir='ltr' id='par_1_12' title="bbox 1038 632 1782 672">
     <span class='ocr_line' id='line_1_20' title="bbox 1038 632 1782 672; baseline 0.012 -9"><span class='ocrx_word' id='word_1_88' title='bbox 1038 637 1159 672; x_wconf 74' lang='lat' dir='ltr'><em>gerent.</em></span> <span class='ocrx_word' id='word_1_89' title='bbox 1184 632 1221 665; x_wconf 90' lang='lat' dir='ltr'><em>Et</em></span> <span class='ocrx_word' id='word_1_90' title='bbox 1242 632 1317 665; x_wconf 88' lang='lat' dir='ltr'><em>dum</em></span> <span class='ocrx_word' id='word_1_91' title='bbox 1339 635 1488 667; x_wconf 81' lang='lat' dir='ltr'>nonnulli</span> <span class='ocrx_word' id='word_1_92' title='bbox 1507 647 1524 668; x_wconf 77' lang='lat' dir='ltr'><em>a</em></span> <span class='ocrx_word' id='word_1_93' title='bbox 1539 636 1746 672; x_wconf 80' lang='lat' dir='ltr'><em>dissensionis</em></span> <span class='ocrx_word' id='word_1_94' title='bbox 1760 638 1782 657; x_wconf 83' lang='lat'><em>¹0</em></span> 
     </span>
    </p>

    <p class='ocr_par' dir='ltr' id='par_1_13' title="bbox 1038 683 1780 724">
     <span class='ocr_line' id='line_1_21' title="bbox 1038 683 1780 724; baseline 0.012 -8"><span class='ocrx_word' id='word_1_95' title='bbox 1038 683 1160 717; x_wconf 81' lang='lat' dir='ltr'><em>incitati</em></span> <span class='ocrx_word' id='word_1_96' title='bbox 1177 683 1194 701; x_wconf 92' lang='lat'><em>¹¹</em></span> <span class='ocrx_word' id='word_1_97' title='bbox 1212 690 1346 719; x_wconf 80' lang='lat' dir='ltr'><em>auctore</em></span> <span class='ocrx_word' id='word_1_98' title='bbox 1357 685 1378 703; x_wconf 75' lang='lat'><em>⁴⁹</em></span> <span class='ocrx_word' id='word_1_99' title='bbox 1397 688 1436 719; x_wconf 82' lang='lat' dir='ltr'><em>ad</em></span> <span class='ocrx_word' id='word_1_100' title='bbox 1451 689 1744 724; x_wconf 74' lang='lat' dir='ltr'><em>contradictionum</em></span> <span class='ocrx_word' id='word_1_101' title='bbox 1760 692 1780 709; x_wconf 74' lang='lat'><em>¹⁵</em></span> 
     </span>
    </p>
   </div>
   <div class='ocr_carea' id='block_1_8' title="bbox 304 737 1781 783">
    <p class='ocr_par' dir='ltr' id='par_1_14' title="bbox 304 737 1781 783">
     <span class='ocr_line' id='line_1_22' title="bbox 304 737 1781 783; baseline 0.009 -19"><span class='ocrx_word' id='word_1_102' title='bbox 304 740 383 775; x_wconf 49' lang='lat' dir='ltr'><em>CAE-</em></span> <span class='ocrx_word' id='word_1_103' title='bbox 406 741 428 775; x_wconf 79' lang='lat'><em>1¹</em></span> <span class='ocrx_word' id='word_1_104' title='bbox 456 741 687 775; x_wconf 67' lang='lat' dir='ltr'><em>flemeamjbus</em></span> <span class='ocrx_word' id='word_1_105' title='bbox 711 741 751 774; x_wconf 68' lang='lat' dir='ltr'><em>ad</em></span> <span class='ocrx_word' id='word_1_106' title='bbox 776 752 834 774; x_wconf 89' lang='lat' dir='ltr'><em>nos</em></span> <span class='ocrx_word' id='word_1_107' title='bbox 853 741 1004 774; x_wconf 68' lang='lat' dir='ltr'><em>fratribus</em></span> <span class='ocrx_word' id='word_1_108' title='bbox 1038 737 1336 781; x_wconf 62' lang='lat' dir='ltr'><em>bellaprosiliuntfl,</em></span> <span class='ocrx_word' id='word_1_109' title='bbox 1353 740 1506 774; x_wconf 80' lang='lat' dir='ltr'><em>adinaius</em></span> <span class='ocrx_word' id='word_1_110' title='bbox 1519 742 1652 783; x_wconf 86' lang='lat' dir='ltr'><em>bonum,</em></span> <span class='ocrx_word' id='word_1_111' title='bbox 1668 745 1781 778; x_wconf 75' lang='lat' dir='ltr'><em>rnalo¹³</em></span> 
     </span>
    </p>
   </div>
   <div class='ocr_carea' id='block_1_9' title="bbox 63 795 1003 849">
    <p class='ocr_par' dir='ltr' id='par_1_15' title="bbox 63 795 1003 849">
     <span class='ocr_line' id='line_1_23' title="bbox 63 795 1003 849; baseline 0.002 -23"><span class='ocrx_word' id='word_1_112' title='bbox 63 800 244 849; x_wconf 43' lang='lat' dir='ltr'><em>“svegniffiigilffl</em></span> <span class='ocrx_word' id='word_1_113' title='bbox 261 800 291 827; x_wconf 86' lang='lat' dir='ltr'><em>et</em></span> <span class='ocrx_word' id='word_1_114' title='bbox 315 795 602 828; x_wconf 69' lang='lat' dir='ltr'><em>consacerdotibus</em></span> <span class='ocrx_word' id='word_1_115' title='bbox 619 795 747 835; x_wconf 78' lang='lat' dir='ltr'><em>nostris,</em></span> <span class='ocrx_word' id='word_1_116' title='bbox 771 805 852 839; x_wconf 86' lang='lat' dir='ltr'><em>quos</em></span> <span class='ocrx_word' id='word_1_117' title='bbox 869 795 909 828; x_wconf 84' lang='lat' dir='ltr'><em>ad</em></span> <span class='ocrx_word' id='word_1_118' title='bbox 930 806 1003 828; x_wconf 84' lang='lat' dir='ltr'><em>san-</em></span> 
     </span>
    </p>
   </div>
   <div class='ocr_carea' id='block_1_10' title="bbox 52 847 1003 1806">
    <p class='ocr_par' dir='ltr' id='par_1_16' title="bbox 60 847 1002 989">
     <span class='ocr_line' id='line_1_24' title="bbox 60 847 1002 882; baseline 0.002 -2"><span class='ocrx_word' id='word_1_119' title='bbox 60 855 244 880; x_wconf 73' lang='lat' dir='ltr'><em>·ummoperolae·</em></span> <span class='ocrx_word' id='word_1_120' title='bbox 259 853 347 880; x_wconf 86' lang='lat' dir='ltr'><em>ctum</em></span> <span class='ocrx_word' id='word_1_121' title='bbox 373 847 548 881; x_wconf 84' lang='lat' dir='ltr'><em>concilium</em></span> <span class='ocrx_word' id='word_1_122' title='bbox 573 848 670 882; x_wconf 86' lang='lat' dir='ltr'><em>Sedes</em></span> <span class='ocrx_word' id='word_1_123' title='bbox 694 848 778 882; x_wconf 84' lang='lat' dir='ltr'><em>beati</em></span> <span class='ocrx_word' id='word_1_124' title='bbox 809 848 890 881; x_wconf 82' lang='lat' dir='ltr'><em>Petri</em></span> <span class='ocrx_word' id='word_1_125' title='bbox 919 849 1002 882; x_wconf 87' lang='lat' dir='ltr'><em>dire-</em></span> 
     </span>
     <span class='ocr_line' id='line_1_25' title="bbox 62 882 1002 946; baseline 0.004 -15"><span class='ocrx_word' id='word_1_126' title='bbox 62 882 124 902; x_wconf 72' lang='lat' dir='ltr'><em>mur.</em></span> <span class='ocrx_word' id='word_1_127' title='bbox 258 899 312 940; x_wconf 86' lang='lat' dir='ltr'><em>xit,</em></span> <span class='ocrx_word' id='word_1_128' title='bbox 325 900 514 942; x_wconf 84' lang='lat' dir='ltr'><em>agnovimus</em></span> <span class='ocrx_word' id='word_1_129' title='bbox 535 901 742 934; x_wconf 86' lang='lat' dir='ltr'><em>dilectionem</em></span> <span class='ocrx_word' id='word_1_130' title='bbox 763 907 850 934; x_wconf 81' lang='lat' dir='ltr'><em>tuam</em></span> <span class='ocrx_word' id='word_1_131' title='bbox 861 912 1002 946; x_wconf 90' lang='lat' dir='ltr'><em>superno</em></span> 
     </span>
     <span class='ocr_line' id='line_1_26' title="bbox 258 953 1002 989; baseline 0.003 -2"><span class='ocrx_word' id='word_1_132' title='bbox 258 953 418 987; x_wconf 74' lang='lat' dir='ltr'><em>adiutorio</em></span> <span class='ocrx_word' id='word_1_133' title='bbox 439 954 607 988; x_wconf 85' lang='lat' dir='ltr'><em>nobiscum</em></span> <span class='ocrx_word' id='word_1_134' title='bbox 630 961 693 988; x_wconf 80' lang='lat' dir='ltr'><em>tarn</em></span> <span class='ocrx_word' id='word_1_135' title='bbox 708 956 913 989; x_wconf 84' lang='lat' dir='ltr'><em>Nestorianae</em></span> <span class='ocrx_word' id='word_1_136' title='bbox 941 957 1002 989; x_wconf 86' lang='lat' dir='ltr'><em>im-</em></span> 
     </span>
    </p>

    <p class='ocr_par' dir='ltr' id='par_1_17' title="bbox 258 1007 1002 1053">
     <span class='ocr_line' id='line_1_27' title="bbox 258 1007 1002 1053; baseline 0.004 -13"><span class='ocrx_word' id='word_1_137' title='bbox 258 1007 396 1051; x_wconf 85' lang='lat' dir='ltr'><em>pietatis.</em></span> <span class='ocrx_word' id='word_1_138' title='bbox 425 1018 522 1051; x_wconf 81' lang='lat' dir='ltr'><em>quam</em></span> <span class='ocrx_word' id='word_1_139' title='bbox 548 1008 763 1053; x_wconf 81' lang='lat' dir='ltr'><em>Eutychianae</em></span> <span class='ocrx_word' id='word_1_140' title='bbox 783 1010 930 1043; x_wconf 82' lang='lat' dir='ltr'><em>vesaniae</em></span> <span class='ocrx_word' id='word_1_141' title='bbox 951 1021 1002 1044; x_wconf 80' lang='lat' dir='ltr'><em>ex-</em></span> 
     </span>
    </p>

    <p class='ocr_par' dir='ltr' id='par_1_18' title="bbox 259 1061 1001 1105">
     <span class='ocr_line' id='line_1_28' title="bbox 259 1061 1001 1105; baseline 0.005 -12"><span class='ocrx_word' id='word_1_142' title='bbox 259 1061 358 1094; x_wconf 87' lang='lat' dir='ltr'><em>titisse</em></span> <span class='ocrx_word' id='word_1_143' title='bbox 381 1061 557 1095; x_wconf 84' lang='lat' dir='ltr'><em>victricem.</em></span> <span class='ocrx_word' id='word_1_144' title='bbox 587 1062 676 1095; x_wconf 87' lang='lat' dir='ltr'><em>Unde</em></span> <span class='ocrx_word' id='word_1_145' title='bbox 697 1063 875 1105; x_wconf 78' lang='lat' dir='ltr'><em>gloriamur</em></span> <span class='ocrx_word' id='word_1_146' title='bbox 892 1063 924 1096; x_wconf 92' lang='lat' dir='ltr'><em>in</em></span> <span class='ocrx_word' id='word_1_147' title='bbox 939 1065 1001 1098; x_wconf 91' lang='lat' dir='ltr'><em>Do-</em></span> 
     </span>
    </p>

    <p class='ocr_par' dir='ltr' id='par_1_19' title="bbox 257 1113 1002 1159">
     <span class='ocr_line' id='line_1_29' title="bbox 257 1113 1002 1159; baseline 0.004 -12"><span class='ocrx_word' id='word_1_148' title='bbox 257 1113 347 1147; x_wconf 91' lang='lat' dir='ltr'><em>mino</em></span> <span class='ocrx_word' id='word_1_149' title='bbox 383 1125 456 1148; x_wconf 89' lang='lat' dir='ltr'><em>cum</em></span> <span class='ocrx_word' id='word_1_150' title='bbox 484 1115 646 1159; x_wconf 76' lang='lat' dir='ltr'><em>Propheta</em></span> <span class='ocrx_word' id='word_1_151' title='bbox 672 1121 822 1149; x_wconf 75' lang='lat' dir='ltr'><em>canentes</em></span> <span class='ocrx_word' id='word_1_152' title='bbox 843 1115 867 1149; x_wconf 74' lang='lat'><em>⁹:</em></span> <span class='ocrx_word' id='word_1_153' title='bbox 895 1117 1002 1151; x_wconf 77' lang='lat' dir='ltr'><em>Adiu-</em></span> 
     </span>
    </p>

    <p class='ocr_par' dir='ltr' id='par_1_20' title="bbox 259 1168 1003 1215">
     <span class='ocr_line' id='line_1_30' title="bbox 259 1168 1003 1215; baseline 0.005 -15"><span class='ocrx_word' id='word_1_154' title='bbox 259 1168 380 1200; x_wconf 83' lang='lat' dir='ltr'><em>torium</em></span> <span class='ocrx_word' id='word_1_155' title='bbox 403 1172 552 1201; x_wconf 74' lang='lat' dir='ltr'><em>nostrum</em></span> <span class='ocrx_word' id='word_1_156' title='bbox 572 1170 608 1202; x_wconf 85' lang='lat' dir='ltr'><em>in</em></span> <span class='ocrx_word' id='word_1_157' title='bbox 622 1170 753 1203; x_wconf 83' lang='lat' dir='ltr'><em>nomine</em></span> <span class='ocrx_word' id='word_1_158' title='bbox 770 1169 915 1211; x_wconf 79' lang='lat' dir='ltr'><em>Domini,</em></span> <span class='ocrx_word' id='word_1_159' title='bbox 944 1173 1003 1215; x_wconf 79' lang='lat' dir='ltr'><em>qui</em></span> 
     </span>
    </p>

    <p class='ocr_par' dir='ltr' id='par_1_21' title="bbox 257 1221 1002 1268">
     <span class='ocr_line' id='line_1_31' title="bbox 257 1221 1002 1268; baseline 0.008 -15"><span class='ocrx_word' id='word_1_160' title='bbox 257 1221 331 1264; x_wconf 77' lang='lat' dir='ltr'><em>fecit</em></span> <span class='ocrx_word' id='word_1_161' title='bbox 349 1222 473 1255; x_wconf 78' lang='lat' dir='ltr'><em>coelum</em></span> <span class='ocrx_word' id='word_1_162' title='bbox 490 1227 519 1255; x_wconf 84' lang='lat' dir='ltr'><em>et</em></span> <span class='ocrx_word' id='word_1_163' title='bbox 540 1227 660 1256; x_wconf 81' lang='lat' dir='ltr'><em>terram</em></span> <span class='ocrx_word' id='word_1_164' title='bbox 679 1223 699 1264; x_wconf 70' lang='lat'><em>³,</em></span> <span class='ocrx_word' id='word_1_165' title='bbox 723 1224 778 1268; x_wconf 86' lang='lat' dir='ltr'><em>qui</em></span> <span class='ocrx_word' id='word_1_166' title='bbox 797 1225 922 1258; x_wconf 88' lang='lat' dir='ltr'><em>nullum</em></span> <span class='ocrx_word' id='word_1_167' title='bbox 944 1236 1002 1259; x_wconf 84' lang='lat' dir='ltr'><em>nos</em></span> 
     </span>
    </p>

    <p class='ocr_par' dir='ltr' id='par_1_22' title="bbox 258 1274 1002 1312">
     <span class='ocr_line' id='line_1_32' title="bbox 258 1274 1002 1312; baseline 0.007 -5"><span class='ocrx_word' id='word_1_168' title='bbox 258 1274 290 1307; x_wconf 88' lang='lat' dir='ltr'><em>in</em></span> <span class='ocrx_word' id='word_1_169' title='bbox 314 1275 432 1309; x_wconf 86' lang='lat' dir='ltr'><em>nostris</em></span> <span class='ocrx_word' id='word_1_170' title='bbox 460 1275 611 1310; x_wconf 80' lang='lat' dir='ltr'><em>fratribus</em></span> <span class='ocrx_word' id='word_1_171' title='bbox 647 1277 877 1311; x_wconf 70' lang='lat' dir='ltr'><em>detrimentum</em></span> <span class='ocrx_word' id='word_1_172' title='bbox 909 1279 1002 1312; x_wconf 76' lang='lat' dir='ltr'><em>susti-</em></span> 
     </span>
    </p>

    <p class='ocr_par' dir='ltr' id='par_1_23' title="bbox 57 1329 1002 1586">
     <span class='ocr_line' id='line_1_33' title="bbox 58 1329 1002 1381; baseline 0.006 -21"><span class='ocrx_word' id='word_1_173' title='bbox 58 1359 72 1381; x_wconf 62' lang='grc' dir='ltr'><em>ε</em></span> <span class='ocrx_word' id='word_1_174' title='bbox 90 1333 242 1380; x_wconf 64' lang='lat'><em>¹2⁶*⁶³¹‚¹.,¹?„332</em></span> <span class='ocrx_word' id='word_1_175' title='bbox 258 1338 335 1362; x_wconf 88' lang='lat' dir='ltr'><em>nere</em></span> <span class='ocrx_word' id='word_1_176' title='bbox 355 1329 513 1372; x_wconf 78' lang='lat' dir='ltr'><em>permisit,</em></span> <span class='ocrx_word' id='word_1_177' title='bbox 530 1331 585 1364; x_wconf 86' lang='lat' dir='ltr'><em>sed</em></span> <span class='ocrx_word' id='word_1_178' title='bbox 607 1341 689 1374; x_wconf 83' lang='lat' dir='ltr'><em>quae</em></span> <span class='ocrx_word' id='word_1_179' title='bbox 709 1338 819 1365; x_wconf 86' lang='lat' dir='ltr'><em>nostro</em></span> <span class='ocrx_word' id='word_1_180' title='bbox 839 1332 929 1376; x_wconf 88' lang='lat' dir='ltr'><em>prius</em></span> <span class='ocrx_word' id='word_1_181' title='bbox 943 1333 1002 1366; x_wconf 76' lang='lat' dir='ltr'><em>nii-</em></span> 
     </span>
     <span class='ocr_line' id='line_1_34' title="bbox 57 1365 1001 1435; baseline 0.008 -23"><span class='ocrx_word' id='word_1_182' title='bbox 57 1365 174 1435; x_wconf 40' lang='lat' dir='ltr'><em>gffigpvzfss</em></span> <span class='ocrx_word' id='word_1_183' title='bbox 177 1392 243 1434; x_wconf 44' lang='lat'><em>&amp;3⁰1¹-</em></span> <span class='ocrx_word' id='word_1_184' title='bbox 257 1381 390 1415; x_wconf 88' lang='lat' dir='ltr'><em>nisterio</em></span> <span class='ocrx_word' id='word_1_185' title='bbox 402 1382 412 1398; x_wconf 84' lang='lat'>⁴</span> <span class='ocrx_word' id='word_1_186' title='bbox 430 1382 609 1423; x_wconf 85' lang='lat' dir='ltr'><em>definierat,</em></span> <span class='ocrx_word' id='word_1_187' title='bbox 633 1384 801 1419; x_wconf 82' lang='lat' dir='ltr'><em>universae</em></span> <span class='ocrx_word' id='word_1_188' title='bbox 822 1386 1001 1420; x_wconf 79' lang='lat' dir='ltr'><em>fraternita-</em></span> 
     </span>
     <span class='ocr_line' id='line_1_35' title="bbox 57 1419 1000 1488; baseline 0.01 -22"><span class='ocrx_word' id='word_1_189' title='bbox 57 1440 126 1488; x_wconf 52' lang='lat' dir='ltr'><em>{somnis</em></span> <span class='ocrx_word' id='word_1_190' title='bbox 135 1419 242 1467; x_wconf 67' lang='lat' dir='ltr'><em>approbpa·</em></span> <span class='ocrx_word' id='word_1_191' title='bbox 258 1435 297 1469; x_wconf 87' lang='lat' dir='ltr'><em>tis</em></span> <span class='ocrx_word' id='word_1_192' title='bbox 308 1435 535 1469; x_wconf 78' lang='lat' dir='ltr'><em>irretractabili</em></span> <span class='ocrx_word' id='word_1_193' title='bbox 556 1438 697 1472; x_wconf 84' lang='lat' dir='ltr'><em>firmavit</em></span> <span class='ocrx_word' id='word_1_194' title='bbox 710 1450 858 1481; x_wconf 85' lang='lat' dir='ltr'><em>assensu;</em></span> <span class='ocrx_word' id='word_1_195' title='bbox 884 1446 1000 1475; x_wconf 87' lang='lat' dir='ltr'><em>utvere</em></span> 
     </span>
     <span class='ocr_line' id='line_1_36' title="bbox 102 1482 1000 1538; baseline 0.008 -17"><span class='ocrx_word' id='word_1_196' title='bbox 102 1482 106 1487; x_wconf 67' lang='grc'><strong>“</strong></span> <span class='ocrx_word' id='word_1_197' title='bbox 257 1500 274 1522; x_wconf 88' lang='lat' dir='ltr'><em>a</em></span> <span class='ocrx_word' id='word_1_198' title='bbox 298 1501 332 1523; x_wconf 87' lang='lat' dir='ltr'><em>se</em></span> <span class='ocrx_word' id='word_1_199' title='bbox 355 1491 515 1534; x_wconf 82' lang='lat' dir='ltr'><em>prodiisse</em></span> <span class='ocrx_word' id='word_1_200' title='bbox 540 1493 734 1533; x_wconf 81' lang='lat' dir='ltr'><em>ostenderet,</em></span> <span class='ocrx_word' id='word_1_201' title='bbox 762 1494 850 1537; x_wconf 83' lang='lat' dir='ltr'><em>quod</em></span> <span class='ocrx_word' id='word_1_202' title='bbox 869 1495 959 1538; x_wconf 86' lang='lat' dir='ltr'><em>prius</em></span> <span class='ocrx_word' id='word_1_203' title='bbox 983 1507 1000 1528; x_wconf 90' lang='lat' dir='ltr'><em>a</em></span> 
     </span>
     <span class='ocr_line' id='line_1_37' title="bbox 255 1542 1000 1586; baseline 0.009 -11"><span class='ocrx_word' id='word_1_204' title='bbox 255 1542 362 1586; x_wconf 83' lang='lat' dir='ltr'><em>prima</em></span> <span class='ocrx_word' id='word_1_205' title='bbox 382 1544 528 1577; x_wconf 86' lang='lat' dir='ltr'><em>omnium</em></span> <span class='ocrx_word' id='word_1_206' title='bbox 554 1545 658 1579; x_wconf 75' lang='lat' dir='ltr'><em>Sede³³</em></span> <span class='ocrx_word' id='word_1_207' title='bbox 672 1547 847 1580; x_wconf 84' lang='lat' dir='ltr'><em>formatum</em></span> <span class='ocrx_word' id='word_1_208' title='bbox 869 1548 879 1564; x_wconf 74' lang='lat'><strong>⁶</strong></span> <span class='ocrx_word' id='word_1_209' title='bbox 904 1549 1000 1582; x_wconf 86' lang='lat' dir='ltr'><em>totius</em></span> 
     </span>
    </p>

    <p class='ocr_par' dir='ltr' id='par_1_24' title="bbox 255 1596 1000 1644">
     <span class='ocr_line' id='line_1_38' title="bbox 255 1596 1000 1644; baseline 0.009 -15"><span class='ocrx_word' id='word_1_210' title='bbox 255 1596 422 1630; x_wconf 87' lang='lat' dir='ltr'><em>christiani</em></span> <span class='ocrx_word' id='word_1_211' title='bbox 448 1598 536 1631; x_wconf 88' lang='lat' dir='ltr'><em>orbis</em></span> <span class='ocrx_word' id='word_1_212' title='bbox 571 1599 726 1633; x_wconf 88' lang='lat' dir='ltr'><em>iudicium</em></span> <span class='ocrx_word' id='word_1_213' title='bbox 748 1601 938 1644; x_wconf 84' lang='lat' dir='ltr'><em>recepisset,</em></span> <span class='ocrx_word' id='word_1_214' title='bbox 965 1609 1000 1636; x_wconf 86' lang='lat' dir='ltr'><em>ut</em></span> 
     </span>
    </p>

    <p class='ocr_par' dir='ltr' id='par_1_25' title="bbox 255 1649 994 1697">
     <span class='ocr_line' id='line_1_39' title="bbox 255 1649 994 1697; baseline 0.009 -14"><span class='ocrx_word' id='word_1_215' title='bbox 255 1649 288 1683; x_wconf 90' lang='lat' dir='ltr'><em>in</em></span> <span class='ocrx_word' id='word_1_216' title='bbox 308 1650 370 1685; x_wconf 90' lang='lat' dir='ltr'><em>hoc</em></span> <span class='ocrx_word' id='word_1_217' title='bbox 379 1662 509 1696; x_wconf 86' lang='lat' dir='ltr'><em>quoque</em></span> <span class='ocrx_word' id='word_1_218' title='bbox 523 1653 619 1697; x_wconf 85' lang='lat' dir='ltr'><em>capiti</em></span> <span class='ocrx_word' id='word_1_219' title='bbox 628 1654 776 1688; x_wconf 81' lang='lat' dir='ltr'><em>membra</em></span> <span class='ocrx_word' id='word_1_220' title='bbox 787 1656 994 1690; x_wconf 86' lang='lat' dir='ltr'><em>concordent.</em></span> 
     </span>
    </p>

    <p class='ocr_par' dir='ltr' id='par_1_26' title="bbox 52 1704 998 1806">
     <span class='ocr_line' id='line_1_40' title="bbox 54 1704 998 1760; baseline 0.01 -25"><span class='ocrx_word' id='word_1_221' title='bbox 54 1706 238 1760; x_wconf 45' lang='lat' dir='ltr'><em>„effitffffitfg</em></span> <span class='ocrx_word' id='word_1_222' title='bbox 254 1704 288 1737; x_wconf 88' lang='lat' dir='ltr'><em>In</em></span> <span class='ocrx_word' id='word_1_223' title='bbox 314 1715 378 1748; x_wconf 89' lang='lat' dir='ltr'><em>quo</em></span> <span class='ocrx_word' id='word_1_224' title='bbox 393 1705 532 1749; x_wconf 87' lang='lat' dir='ltr'><em>amplior</em></span> <span class='ocrx_word' id='word_1_225' title='bbox 543 1706 552 1723; x_wconf 91' lang='lat'>⁷</span> <span class='ocrx_word' id='word_1_226' title='bbox 563 1707 656 1740; x_wconf 84' lang='lat' dir='ltr'><em>nobis</em></span> <span class='ocrx_word' id='word_1_227' title='bbox 670 1709 824 1742; x_wconf 85' lang='lat' dir='ltr'><em>accrescit</em></span> <span class='ocrx_word' id='word_1_228' title='bbox 837 1711 998 1752; x_wconf 78' lang='lat' dir='ltr'><em>gaudendi</em></span> 
     </span>
     <span class='ocr_line' id='line_1_41' title="bbox 52 1758 998 1806; baseline 0.008 -18"><span class='ocrx_word' id='word_1_229' title='bbox 52 1765 96 1801; x_wconf 64' lang='lat' dir='ltr'><em>ouo</em></span> <span class='ocrx_word' id='word_1_230' title='bbox 119 1760 141 1782; x_wconf 79' lang='lat' dir='ltr'><em>in</em></span> <span class='ocrx_word' id='word_1_231' title='bbox 162 1760 238 1782; x_wconf 67' lang='lat' dir='ltr'><em>Christi</em></span> <span class='ocrx_word' id='word_1_232' title='bbox 254 1758 400 1800; x_wconf 84' lang='lat' dir='ltr'><em>materia,</em></span> <span class='ocrx_word' id='word_1_233' title='bbox 425 1759 501 1792; x_wconf 89' lang='lat' dir='ltr'><em>dum</em></span> <span class='ocrx_word' id='word_1_234' title='bbox 514 1765 604 1794; x_wconf 84' lang='lat' dir='ltr'><em>tanto</em></span> <span class='ocrx_word' id='word_1_235' title='bbox 623 1761 724 1804; x_wconf 80' lang='lat' dir='ltr'><em>magis</em></span> <span class='ocrx_word' id='word_1_236' title='bbox 740 1772 774 1795; x_wconf 89' lang='lat' dir='ltr'><em>se</em></span> <span class='ocrx_word' id='word_1_237' title='bbox 786 1763 924 1806; x_wconf 86' lang='lat' dir='ltr'><em>perculit</em></span> <span class='ocrx_word' id='word_1_238' title='bbox 938 1764 998 1796; x_wconf 87' lang='lat' dir='ltr'><em>ini-</em></span> 
     </span>
    </p>
   </div>
   <div class='ocr_carea' id='block_1_11' title="bbox 249 1863 996 2217">
    <p class='ocr_par' dir='ltr' id='par_1_27' title="bbox 255 1863 996 1937">
     <span class='ocr_line' id='line_1_42' title="bbox 290 1863 996 1905; baseline 0.01 -14"><span class='ocrx_word' id='word_1_239' title='bbox 290 1866 301 1891; x_wconf 89' lang='lat'><strong>1</strong></span> <span class='ocrx_word' id='word_1_240' title='bbox 318 1863 357 1892; x_wconf 85' lang='lat' dir='ltr'><em>Ex</em></span> <span class='ocrx_word' id='word_1_241' title='bbox 372 1865 437 1892; x_wconf 84' lang='lat' dir='ltr'><em>edit.</em></span> <span class='ocrx_word' id='word_1_242' title='bbox 454 1866 554 1894; x_wconf 84' lang='lat' dir='ltr'><em>Baller.</em></span> <span class='ocrx_word' id='word_1_243' title='bbox 573 1868 644 1902; x_wconf 78' lang='lat' dir='ltr'><em>Opp.</em></span> <span class='ocrx_word' id='word_1_244' title='bbox 660 1868 690 1895; x_wconf 84' lang='lat' dir='ltr'><em>S.</em></span> <span class='ocrx_word' id='word_1_245' title='bbox 707 1868 811 1896; x_wconf 79' lang='lat' dir='ltr'><em>Leonis</em></span> <span class='ocrx_word' id='word_1_246' title='bbox 828 1873 891 1897; x_wconf 86' lang='lat' dir='ltr'><em>tom.</em></span> <span class='ocrx_word' id='word_1_247' title='bbox 908 1878 927 1905; x_wconf 85' lang='lat' dir='ltr'><em>i,</em></span> <span class='ocrx_word' id='word_1_248' title='bbox 943 1872 996 1899; x_wconf 89' lang='lat' dir='ltr'><em>col.</em></span> 
     </span>
     <span class='ocr_line' id='line_1_43' title="bbox 255 1909 333 1937; baseline 0 -1"><span class='ocrx_word' id='word_1_249' title='bbox 255 1909 333 1937; x_wconf 77' lang='lat'><em>1218.</em></span> 
     </span>
    </p>

    <p class='ocr_par' dir='ltr' id='par_1_28' title="bbox 252 1954 995 2036">
     <span class='ocr_line' id='line_1_44' title="bbox 287 1954 995 1994; baseline 0.01 -12"><span class='ocrx_word' id='word_1_250' title='bbox 287 1954 303 1982; x_wconf 72' lang='lat'><strong>2</strong></span> <span class='ocrx_word' id='word_1_251' title='bbox 321 1965 334 1980; x_wconf 78' lang='grc' dir='ltr'><em>«ι</em></span> <span class='ocrx_word' id='word_1_252' title='bbox 347 1954 404 1982; x_wconf 90' lang='lat' dir='ltr'><em>Duo</em></span> <span class='ocrx_word' id='word_1_253' title='bbox 420 1955 498 1983; x_wconf 85' lang='lat' dir='ltr'><em>codd.</em></span> <span class='ocrx_word' id='word_1_254' title='bbox 521 1956 644 1985; x_wconf 82' lang='lat' dir='ltr'><em>dieentes</em></span> <span class='ocrx_word' id='word_1_255' title='bbox 657 1968 683 1984; x_wconf 83' lang='lat'><em>».</em></span> <span class='ocrx_word' id='word_1_256' title='bbox 702 1959 779 1985; x_wconf 69' lang='lat' dir='ltr'><em>Caco.</em></span> <span class='ocrx_word' id='word_1_257' title='bbox 799 1959 867 1994; x_wconf 79' lang='lat' dir='ltr'><em>Opp.</em></span> <span class='ocrx_word' id='word_1_258' title='bbox 881 1960 910 1988; x_wconf 87' lang='lat' dir='ltr'><em>S.</em></span> <span class='ocrx_word' id='word_1_259' title='bbox 926 1961 995 1988; x_wconf 85' lang='lat' dir='ltr'><em>Leo-</em></span> 
     </span>
     <span class='ocr_line' id='line_1_45' title="bbox 252 1999 687 2036; baseline 0.007 -11"><span class='ocrx_word' id='word_1_260' title='bbox 252 1999 297 2026; x_wconf 78' lang='lat' dir='ltr'><em>nis</em></span> <span class='ocrx_word' id='word_1_261' title='bbox 316 2003 385 2035; x_wconf 84' lang='lat' dir='ltr'><em>part.</em></span> <span class='ocrx_word' id='word_1_262' title='bbox 402 2006 430 2033; x_wconf 81' lang='grc' dir='ltr'><em>ιι,</em></span> <span class='ocrx_word' id='word_1_263' title='bbox 447 2009 508 2036; x_wconf 84' lang='lat' dir='ltr'><em>pag.</em></span> <span class='ocrx_word' id='word_1_264' title='bbox 526 2001 587 2028; x_wconf 58' lang='lat'><em>36⁹2.</em></span> <span class='ocrx_word' id='word_1_265' title='bbox 682 2004 687 2009; x_wconf 86' lang='grc'><strong>“</strong></span> 
     </span>
    </p>

    <p class='ocr_par' dir='ltr' id='par_1_29' title="bbox 285 2044 576 2080">
     <span class='ocr_line' id='line_1_46' title="bbox 285 2044 576 2080; baseline 0.01 -10"><span class='ocrx_word' id='word_1_266' title='bbox 285 2044 301 2071; x_wconf 89' lang='grc'><strong>3</strong></span> <span class='ocrx_word' id='word_1_267' title='bbox 317 2044 414 2072; x_wconf 83' lang='lat' dir='ltr'><em>Psalm.</em></span> <span class='ocrx_word' id='word_1_268' title='bbox 437 2052 533 2080; x_wconf 76' lang='lat' dir='ltr'><em>cxxiii,</em></span> <span class='ocrx_word' id='word_1_269' title='bbox 551 2047 576 2074; x_wconf 88' lang='lat'><em>8.</em></span> 
     </span>
    </p>

    <p class='ocr_par' dir='ltr' id='par_1_30' title="bbox 249 2089 994 2175">
     <span class='ocr_line' id='line_1_47' title="bbox 285 2089 994 2123; baseline 0.008 -7"><span class='ocrx_word' id='word_1_270' title='bbox 285 2089 301 2116; x_wconf 74' lang='lat' dir='ltr'><em>t</em></span> <span class='ocrx_word' id='word_1_271' title='bbox 321 2099 333 2113; x_wconf 79' lang='grc' dir='ltr'>α</span> <span class='ocrx_word' id='word_1_272' title='bbox 354 2090 410 2118; x_wconf 88' lang='lat' dir='ltr'><em>Duo</em></span> <span class='ocrx_word' id='word_1_273' title='bbox 433 2090 512 2117; x_wconf 82' lang='lat' dir='ltr'><em>codd.</em></span> <span class='ocrx_word' id='word_1_274' title='bbox 539 2094 669 2120; x_wconf 81' lang='lat' dir='ltr'><em>nostrum</em></span> <span class='ocrx_word' id='word_1_275' title='bbox 675 2112 740 2119; x_wconf 96' lang='grc'><em>......</em></span> <span class='ocrx_word' id='word_1_276' title='bbox 758 2094 956 2123; x_wconf 74' lang='lat' dir='ltr'><em>niinisterimn</em></span> <span class='ocrx_word' id='word_1_277' title='bbox 971 2107 994 2122; x_wconf 72' lang='lat'><em>1&gt;-</em></span> 
     </span>
     <span class='ocr_line' id='line_1_48' title="bbox 249 2133 910 2175; baseline 0.009 -14"><span class='ocrx_word' id='word_1_278' title='bbox 249 2133 377 2162; x_wconf 83' lang='lat' dir='ltr'><em>Balterin.</em></span> <span class='ocrx_word' id='word_1_279' title='bbox 395 2139 421 2162; x_wconf 82' lang='lat' dir='ltr'><em>et</em></span> <span class='ocrx_word' id='word_1_280' title='bbox 435 2135 553 2163; x_wconf 83' lang='lat' dir='ltr'><em>Cacciar.</em></span> <span class='ocrx_word' id='word_1_281' title='bbox 570 2136 597 2163; x_wconf 92' lang='lat' dir='ltr'><em>ll.</em></span> <span class='ocrx_word' id='word_1_282' title='bbox 615 2145 656 2164; x_wconf 84' lang='lat' dir='ltr'><em>cc.</em></span> <span class='ocrx_word' id='word_1_283' title='bbox 673 2137 742 2164; x_wconf 88' lang='lat' dir='ltr'><em>Sane</em></span> <span class='ocrx_word' id='word_1_284' title='bbox 757 2147 910 2175; x_wconf 79' lang='lat' dir='ltr'><em>perperam.</em></span> 
     </span>
    </p>

    <p class='ocr_par' dir='ltr' id='par_1_31' title="bbox 284 2176 994 2217">
     <span class='ocr_line' id='line_1_49' title="bbox 284 2176 994 2217; baseline 0.01 -13"><span class='ocrx_word' id='word_1_285' title='bbox 284 2176 330 2204; x_wconf 87' lang='lat'><em>5«</em></span> <span class='ocrx_word' id='word_1_286' title='bbox 348 2177 389 2205; x_wconf 85' lang='lat' dir='ltr'><em>Al.</em></span> <span class='ocrx_word' id='word_1_287' title='bbox 409 2186 471 2205; x_wconf 87' lang='lat' dir='ltr'><em>mss.</em></span> <span class='ocrx_word' id='word_1_288' title='bbox 493 2187 510 2204; x_wconf 87' lang='grc' dir='ltr'><em>α</em></span> <span class='ocrx_word' id='word_1_289' title='bbox 528 2179 630 2213; x_wconf 75' lang='lat' dir='ltr'><em>prima</em></span> <span class='ocrx_word' id='word_1_290' title='bbox 651 2180 783 2208; x_wconf 77' lang='lat' dir='ltr'><em>omnium</em></span> <span class='ocrx_word' id='word_1_291' title='bbox 805 2182 861 2216; x_wconf 77' lang='lat' dir='ltr'><em>fide</em></span> <span class='ocrx_word' id='word_1_292' title='bbox 876 2185 901 2210; x_wconf 83' lang='lat' dir='ltr'><em>et</em></span> <span class='ocrx_word' id='word_1_293' title='bbox 920 2184 994 2217; x_wconf 76' lang='lat' dir='ltr'><em>secle;</em></span> 
     </span>
    </p>
   </div>
   <div class='ocr_carea' id='block_1_12' title="bbox 247 2221 992 2299">
    <p class='ocr_par' dir='ltr' id='par_1_32' title="bbox 247 2221 992 2299">
     <span class='ocr_line' id='line_1_50' title="bbox 247 2221 992 2258; baseline 0.011 -10"><span class='ocrx_word' id='word_1_294' title='bbox 247 2221 280 2248; x_wconf 76' lang='lat' dir='ltr'><em>al.</em></span> <span class='ocrx_word' id='word_1_295' title='bbox 295 2230 313 2249; x_wconf 86' lang='grc' dir='ltr'><em>α</em></span> <span class='ocrx_word' id='word_1_296' title='bbox 325 2222 427 2257; x_wconf 80' lang='lat' dir='ltr'><em>prima</em></span> <span class='ocrx_word' id='word_1_297' title='bbox 443 2224 571 2251; x_wconf 76' lang='lat' dir='ltr'><em>omnium</em></span> <span class='ocrx_word' id='word_1_298' title='bbox 584 2224 709 2258; x_wconf 79' lang='lat' dir='ltr'><em>fideliter</em></span> <span class='ocrx_word' id='word_1_299' title='bbox 718 2226 781 2253; x_wconf 81' lang='lat' dir='ltr'><em>sede</em></span> <span class='ocrx_word' id='word_1_300' title='bbox 792 2236 813 2253; x_wconf 73' lang='grc' dir='ltr'><em>ι).</em></span> <span class='ocrx_word' id='word_1_301' title='bbox 827 2227 929 2255; x_wconf 87' lang='lat' dir='ltr'><em>Baller.</em></span> <span class='ocrx_word' id='word_1_302' title='bbox 943 2229 959 2255; x_wconf 95' lang='grc' dir='ltr'><em>Ι.</em></span> <span class='ocrx_word' id='word_1_303' title='bbox 970 2238 992 2256; x_wconf 88' lang='lat' dir='ltr'><em>c.</em></span> 
     </span>
     <span class='ocr_line' id='line_1_51' title="bbox 248 2260 450 2299; baseline 0.005 -10"><span class='ocrx_word' id='word_1_304' title='bbox 248 2260 315 2291; x_wconf 81' lang='lat' dir='ltr'><em>Male</em></span> <span class='ocrx_word' id='word_1_305' title='bbox 332 2263 450 2299; x_wconf 86' lang='lat' dir='ltr'><em>quidem.</em></span> 
     </span>
    </p>
   </div>
   <div class='ocr_carea' id='block_1_13' title="bbox 246 2307 992 2656">
    <p class='ocr_par' dir='ltr' id='par_1_33' title="bbox 248 2307 992 2380">
     <span class='ocr_line' id='line_1_52' title="bbox 283 2307 992 2343; baseline 0.01 -9"><span class='ocrx_word' id='word_1_306' title='bbox 283 2307 299 2335; x_wconf 88' lang='lat'><strong>6</strong></span> <span class='ocrx_word' id='word_1_307' title='bbox 316 2317 328 2334; x_wconf 85' lang='lat'>‹</span> <span class='ocrx_word' id='word_1_308' title='bbox 344 2307 384 2335; x_wconf 87' lang='lat' dir='ltr'><em>Al.</em></span> <span class='ocrx_word' id='word_1_309' title='bbox 402 2308 460 2336; x_wconf 86' lang='lat' dir='ltr'><em>cod.</em></span> <span class='ocrx_word' id='word_1_310' title='bbox 479 2309 629 2343; x_wconf 76' lang='lat' dir='ltr'><em>firmatum</em></span> <span class='ocrx_word' id='word_1_311' title='bbox 645 2321 670 2337; x_wconf 62' lang='lat' dir='ltr'><em>n.</em></span> <span class='ocrx_word' id='word_1_312' title='bbox 689 2310 813 2339; x_wconf 81' lang='lat' dir='ltr'><em>Ballerin.</em></span> <span class='ocrx_word' id='word_1_313' title='bbox 832 2316 858 2339; x_wconf 85' lang='lat' dir='ltr'><em>et</em></span> <span class='ocrx_word' id='word_1_314' title='bbox 873 2311 992 2342; x_wconf 82' lang='lat' dir='ltr'><em>Caeciar.</em></span> 
     </span>
     <span class='ocr_line' id='line_1_53' title="bbox 248 2352 334 2380; baseline 0.012 -1"><span class='ocrx_word' id='word_1_315' title='bbox 248 2352 278 2379; x_wconf 91' lang='lat' dir='ltr'><em>ll.</em></span> <span class='ocrx_word' id='word_1_316' title='bbox 295 2361 334 2380; x_wconf 86' lang='lat' dir='ltr'><em>cc.</em></span> 
     </span>
    </p>

    <p class='ocr_par' dir='ltr' id='par_1_34' title="bbox 282 2396 768 2433">
     <span class='ocr_line' id='line_1_54' title="bbox 282 2396 768 2433; baseline 0.01 -10"><span class='ocrx_word' id='word_1_317' title='bbox 282 2396 298 2424; x_wconf 98' lang='lat'><strong>7</strong></span> <span class='ocrx_word' id='word_1_318' title='bbox 313 2397 376 2424; x_wconf 74' lang='lat' dir='ltr'><em>«At.</em></span> <span class='ocrx_word' id='word_1_319' title='bbox 389 2398 516 2433; x_wconf 81' lang='lat' dir='ltr'><em>amplius</em></span> <span class='ocrx_word' id='word_1_320' title='bbox 529 2410 550 2426; x_wconf 66' lang='grc' dir='ltr'><em>ι».</em></span> <span class='ocrx_word' id='word_1_321' title='bbox 570 2398 695 2427; x_wconf 83' lang='lat' dir='ltr'><em>Ballerin.</em></span> <span class='ocrx_word' id='word_1_322' title='bbox 713 2400 729 2428; x_wconf 91' lang='lat' dir='ltr'><em>l.</em></span> <span class='ocrx_word' id='word_1_323' title='bbox 745 2409 768 2428; x_wconf 87' lang='lat' dir='ltr'><em>c.</em></span> 
     </span>
    </p>

    <p class='ocr_par' dir='ltr' id='par_1_35' title="bbox 246 2442 989 2520">
     <span class='ocr_line' id='line_1_55' title="bbox 282 2442 989 2480; baseline 0.01 -10"><span class='ocrx_word' id='word_1_324' title='bbox 282 2442 298 2470; x_wconf 89' lang='lat'>8</span> <span class='ocrx_word' id='word_1_325' title='bbox 316 2453 328 2467; x_wconf 76' lang='grc' dir='ltr'><em>ιι</em></span> <span class='ocrx_word' id='word_1_326' title='bbox 353 2443 393 2470; x_wconf 88' lang='grc' dir='ltr'><em>ΑΙ.</em></span> <span class='ocrx_word' id='word_1_327' title='bbox 424 2447 532 2480; x_wconf 76' lang='lat' dir='ltr'><em>quanto</em></span> <span class='ocrx_word' id='word_1_328' title='bbox 555 2445 649 2480; x_wconf 61' lang='lat' dir='ltr'><em>magis</em></span> <span class='ocrx_word' id='word_1_329' title='bbox 663 2446 753 2474; x_wconf 81' lang='lat' dir='ltr'><em>etiam</em></span> <span class='ocrx_word' id='word_1_330' title='bbox 778 2448 810 2475; x_wconf 87' lang='lat' dir='ltr'><em>z&#39;n</em></span> <span class='ocrx_word' id='word_1_331' title='bbox 839 2449 989 2478; x_wconf 79' lang='lat' dir='ltr'><em>Christi».</em></span> 
     </span>
     <span class='ocr_line' id='line_1_56' title="bbox 246 2486 862 2520; baseline 0.01 -6"><span class='ocrx_word' id='word_1_332' title='bbox 246 2486 375 2515; x_wconf 84' lang='lat' dir='ltr'><em>Ballerin.</em></span> <span class='ocrx_word' id='word_1_333' title='bbox 392 2491 419 2515; x_wconf 84' lang='lat' dir='ltr'><em>et</em></span> <span class='ocrx_word' id='word_1_334' title='bbox 433 2489 542 2516; x_wconf 84' lang='lat' dir='ltr'><em>Cacciar</em></span> <span class='ocrx_word' id='word_1_335' title='bbox 556 2489 582 2516; x_wconf 94' lang='lat' dir='ltr'><em>ll.</em></span> <span class='ocrx_word' id='word_1_336' title='bbox 601 2499 640 2517; x_wconf 86' lang='lat' dir='ltr'><em>cc.</em></span> <span class='ocrx_word' id='word_1_337' title='bbox 658 2490 736 2518; x_wconf 83' lang='lat' dir='ltr'><em>Forte</em></span> <span class='ocrx_word' id='word_1_338' title='bbox 757 2491 862 2520; x_wconf 86' lang='lat' dir='ltr'><em>melius.</em></span> 
     </span>
    </p>

    <p class='ocr_par' dir='ltr' id='par_1_36' title="bbox 281 2531 879 2566">
     <span class='ocr_line' id='line_1_57' title="bbox 281 2531 879 2566; baseline 0.01 -7"><span class='ocrx_word' id='word_1_339' title='bbox 281 2531 296 2559; x_wconf 83' lang='lat'><em>9</em></span> <span class='ocrx_word' id='word_1_340' title='bbox 313 2542 325 2557; x_wconf 75' lang='grc' dir='ltr'><strong>α</strong></span> <span class='ocrx_word' id='word_1_341' title='bbox 343 2533 385 2559; x_wconf 82' lang='grc' dir='ltr'><em>ΑΙ.</em></span> <span class='ocrx_word' id='word_1_342' title='bbox 410 2533 541 2562; x_wconf 77' lang='lat' dir='ltr'><em>instituit</em></span> <span class='ocrx_word' id='word_1_343' title='bbox 555 2545 566 2560; x_wconf 70' lang='lat' dir='ltr'><em>i»</em></span> <span class='ocrx_word' id='word_1_344' title='bbox 583 2535 713 2563; x_wconf 84' lang='lat' dir='ltr'><em>Ballerin.</em></span> <span class='ocrx_word' id='word_1_345' title='bbox 731 2537 782 2564; x_wconf 88' lang='lat' dir='ltr'><em>col.</em></span> <span class='ocrx_word' id='word_1_346' title='bbox 801 2537 879 2566; x_wconf 70' lang='lat'><em>1220.</em></span> 
     </span>
    </p>

    <p class='ocr_par' dir='ltr' id='par_1_37' title="bbox 282 2575 886 2609">
     <span class='ocr_line' id='line_1_58' title="bbox 282 2575 886 2609; baseline 0.012 -7"><span class='ocrx_word' id='word_1_347' title='bbox 282 2575 315 2603; x_wconf 83' lang='lat'><em>10</em></span> <span class='ocrx_word' id='word_1_348' title='bbox 332 2586 343 2600; x_wconf 73' lang='lat' dir='ltr'><em>t«</em></span> <span class='ocrx_word' id='word_1_349' title='bbox 359 2577 403 2604; x_wconf 80' lang='lat' dir='ltr'><em>Al.</em></span> <span class='ocrx_word' id='word_1_350' title='bbox 420 2578 667 2607; x_wconf 72' lang='lat' dir='ltr'><em>dissensionum».</em></span> <span class='ocrx_word' id='word_1_351' title='bbox 684 2580 811 2608; x_wconf 81' lang='lat' dir='ltr'><em>Ballerin.</em></span> <span class='ocrx_word' id='word_1_352' title='bbox 830 2582 847 2609; x_wconf 91' lang='lat' dir='ltr'><em>l.</em></span> <span class='ocrx_word' id='word_1_353' title='bbox 864 2591 886 2609; x_wconf 81' lang='lat' dir='ltr'><em>c.</em></span> 
     </span>
    </p>

    <p class='ocr_par' dir='ltr' id='par_1_38' title="bbox 283 2621 970 2656">
     <span class='ocr_line' id='line_1_59' title="bbox 283 2621 970 2656; baseline 0.015 -10"><span class='ocrx_word' id='word_1_354' title='bbox 283 2621 309 2647; x_wconf 82' lang='lat' dir='ltr'><em>il</em></span> <span class='ocrx_word' id='word_1_355' title='bbox 332 2631 346 2646; x_wconf 71' lang='grc' dir='ltr'><em>σι</em></span> <span class='ocrx_word' id='word_1_356' title='bbox 360 2621 403 2649; x_wconf 79' lang='grc' dir='ltr'><em>ΔΙ.</em></span> <span class='ocrx_word' id='word_1_357' title='bbox 418 2623 510 2651; x_wconf 76' lang='lat' dir='ltr'><em>coacti</em></span> <span class='ocrx_word' id='word_1_358' title='bbox 526 2634 537 2649; x_wconf 78' lang='grc' dir='ltr'><em>υ</em></span> <span class='ocrx_word' id='word_1_359' title='bbox 561 2623 690 2652; x_wconf 83' lang='lat' dir='ltr'><em>Ballerin.</em></span> <span class='ocrx_word' id='word_1_360' title='bbox 708 2629 734 2653; x_wconf 80' lang='lat' dir='ltr'><em>et</em></span> <span class='ocrx_word' id='word_1_361' title='bbox 749 2625 866 2656; x_wconf 72' lang='lat' dir='ltr'><em>Cacciar.</em></span> <span class='ocrx_word' id='word_1_362' title='bbox 886 2627 913 2655; x_wconf 93' lang='lat' dir='ltr'><em>ll.</em></span> <span class='ocrx_word' id='word_1_363' title='bbox 932 2637 970 2656; x_wconf 86' lang='lat' dir='ltr'><em>cc.</em></span> 
     </span>
    </p>
   </div>
   <div class='ocr_carea' id='block_1_14' title="bbox 1008 776 1023 2659">
    <p class='ocr_par' dir='ltr' id='par_1_39' title="bbox 1008 776 1023 2659">
     <span class='ocr_line' id='line_1_60' title="bbox 1008 776 1023 2659; baseline 0 0"><span class='ocrx_word' id='word_1_364' title='bbox 1008 776 1023 2659; x_wconf 95' lang='lat' dir='ltr'><em> </em></span> 
     </span>
    </p>
   </div>
   <div class='ocr_carea' id='block_1_15' title="bbox 1033 791 1978 1800">
    <p class='ocr_par' dir='ltr' id='par_1_40' title="bbox 1037 791 1780 892">
     <span class='ocr_line' id='line_1_61' title="bbox 1038 791 1777 840; baseline 0.015 -17"><span class='ocrx_word' id='word_1_365' title='bbox 1038 791 1116 831; x_wconf 82' lang='lat' dir='ltr'><em>eius,</em></span> <span class='ocrx_word' id='word_1_366' title='bbox 1140 797 1272 825; x_wconf 86' lang='lat' dir='ltr'><em>auctore</em></span> <span class='ocrx_word' id='word_1_367' title='bbox 1286 793 1382 826; x_wconf 87' lang='lat' dir='ltr'><em>totius</em></span> <span class='ocrx_word' id='word_1_368' title='bbox 1397 794 1548 828; x_wconf 79' lang='lat' dir='ltr'><em>bonitatis</em></span> <span class='ocrx_word' id='word_1_369' title='bbox 1563 796 1777 840; x_wconf 76' lang='lat' dir='ltr'><em>dispensante.</em></span> 
     </span>
     <span class='ocr_line' id='line_1_62' title="bbox 1037 847 1780 892; baseline 0.011 -16"><span class='ocrx_word' id='word_1_370' title='bbox 1037 851 1227 888; x_wconf 76' lang='lat' dir='ltr'><em>perventum</em></span> <span class='ocrx_word' id='word_1_371' title='bbox 1254 852 1310 879; x_wconf 87' lang='lat' dir='ltr'><em>est.</em></span> <span class='ocrx_word' id='word_1_372' title='bbox 1338 847 1468 880; x_wconf 77' lang='lat' dir='ltr'><em>Dulcius</em></span> <span class='ocrx_word' id='word_1_373' title='bbox 1494 848 1519 880; x_wconf 82' lang='lat' dir='ltr'><em>si</em></span> <span class='ocrx_word' id='word_1_374' title='bbox 1549 849 1680 892; x_wconf 80' lang='lat' dir='ltr'><em>quidem</em></span> <span class='ocrx_word' id='word_1_375' title='bbox 1711 862 1780 885; x_wconf 78' lang='lat' dir='ltr'><em>uiu-</em></span> 
     </span>
    </p>

    <p class='ocr_par' dir='ltr' id='par_1_41' title="bbox 1036 899 1779 947">
     <span class='ocr_line' id='line_1_63' title="bbox 1036 899 1779 947; baseline 0.011 -17"><span class='ocrx_word' id='word_1_376' title='bbox 1036 909 1114 931; x_wconf 84' lang='lat' dir='ltr'><em>nera</em></span> <span class='ocrx_word' id='word_1_377' title='bbox 1139 899 1259 941; x_wconf 77' lang='lat' dir='ltr'><em>gratiae</em></span> <span class='ocrx_word' id='word_1_378' title='bbox 1280 900 1405 933; x_wconf 78' lang='lat' dir='ltr'><em>divinae</em></span> <span class='ocrx_word' id='word_1_379' title='bbox 1430 903 1634 944; x_wconf 70' lang='lat' dir='ltr'><em>proveniunt,</em></span> <span class='ocrx_word' id='word_1_380' title='bbox 1655 905 1779 947; x_wconf 84' lang='lat' dir='ltr'><em>quoties</em></span> 
     </span>
    </p>

    <p class='ocr_par' dir='ltr' id='par_1_42' title="bbox 1036 952 1978 1216">
     <span class='ocr_line' id='line_1_64' title="bbox 1036 952 1978 1000; baseline 0.011 -16"><span class='ocrx_word' id='word_1_381' title='bbox 1036 962 1101 985; x_wconf 87' lang='lat' dir='ltr'><em>non</em></span> <span class='ocrx_word' id='word_1_382' title='bbox 1126 952 1194 986; x_wconf 88' lang='lat' dir='ltr'><em>sine</em></span> <span class='ocrx_word' id='word_1_383' title='bbox 1220 953 1344 995; x_wconf 69' lang='lat' dir='ltr'><em>magnis</em></span> <span class='ocrx_word' id='word_1_384' title='bbox 1358 954 1532 989; x_wconf 81' lang='lat' dir='ltr'><em>sudoribus</em></span> <span class='ocrx_word' id='word_1_385' title='bbox 1552 957 1775 1000; x_wconf 77' lang='lat' dir='ltr'><em>acquiruntur:</em></span> <span class='ocrx_word' id='word_1_386' title='bbox 1821 976 1978 997; x_wconf 56' lang='lat' dir='ltr'><em>„mimum</em></span> 
     </span>
     <span class='ocr_line' id='line_1_65' title="bbox 1037 1004 1977 1054; baseline 0.007 -17"><span class='ocrx_word' id='word_1_387' title='bbox 1037 1011 1068 1038; x_wconf 87' lang='lat' dir='ltr'><em>ct</em></span> <span class='ocrx_word' id='word_1_388' title='bbox 1090 1006 1196 1039; x_wconf 83' lang='lat' dir='ltr'><em>minus</em></span> <span class='ocrx_word' id='word_1_389' title='bbox 1224 1006 1345 1040; x_wconf 83' lang='lat' dir='ltr'><em>bonum</em></span> <span class='ocrx_word' id='word_1_390' title='bbox 1370 1008 1468 1041; x_wconf 85' lang='lat' dir='ltr'><em>videri</em></span> <span class='ocrx_word' id='word_1_391' title='bbox 1489 1009 1568 1042; x_wconf 82' lang='lat' dir='ltr'><em>solet</em></span> <span class='ocrx_word' id='word_1_392' title='bbox 1590 1021 1649 1053; x_wconf 79' lang='lat' dir='ltr'><em>pax</em></span> <span class='ocrx_word' id='word_1_393' title='bbox 1680 1012 1779 1044; x_wconf 83' lang='lat' dir='ltr'><em>conti-</em></span> <span class='ocrx_word' id='word_1_394' title='bbox 1795 1004 1977 1054; x_wconf 44' lang='lat' dir='ltr'><em>{fsffss&#39;iiii‘&#39;{Qssss&#39;fli</em></span> 
     </span>
     <span class='ocr_line' id='line_1_66' title="bbox 1036 1056 1977 1108; baseline 0.009 -16"><span class='ocrx_word' id='word_1_395' title='bbox 1036 1066 1132 1093; x_wconf 77' lang='lat' dir='ltr'><em>nuata</em></span> <span class='ocrx_word' id='word_1_396' title='bbox 1158 1071 1215 1104; x_wconf 88' lang='lat' dir='ltr'><em>per</em></span> <span class='ocrx_word' id='word_1_397' title='bbox 1239 1061 1352 1102; x_wconf 84' lang='lat' dir='ltr'><em>otium,</em></span> <span class='ocrx_word' id='word_1_398' title='bbox 1381 1073 1477 1105; x_wconf 86' lang='lat' dir='ltr'><em>quam</em></span> <span class='ocrx_word' id='word_1_399' title='bbox 1501 1064 1627 1097; x_wconf 85' lang='lat' dir='ltr'><em>reddita</em></span> <span class='ocrx_word' id='word_1_400' title='bbox 1657 1076 1713 1108; x_wconf 86' lang='lat' dir='ltr'><em>per</em></span> <span class='ocrx_word' id='word_1_401' title='bbox 1734 1056 1977 1108; x_wconf 51' lang='grc' dir='ltr'><em>13-Ῐι“,“ἷῖἶ’·ζὲἷῗῖ“““ἰζῖ,ἶῖἶ</em></span> 
     </span>
     <span class='ocr_line' id='line_1_67' title="bbox 1036 1113 1844 1159; baseline 0.009 -13"><span class='ocrx_word' id='word_1_402' title='bbox 1036 1113 1131 1147; x_wconf 86' lang='lat' dir='ltr'><em>bores</em></span> <span class='ocrx_word' id='word_1_403' title='bbox 1145 1113 1175 1147; x_wconf 74' lang='lat'><em>¹⁶⁵.</em></span> <span class='ocrx_word' id='word_1_404' title='bbox 1192 1115 1263 1158; x_wconf 84' lang='lat' dir='ltr'><em>Ipsa</em></span> <span class='ocrx_word' id='word_1_405' title='bbox 1280 1115 1411 1159; x_wconf 85' lang='lat' dir='ltr'><em>quoque</em></span> <span class='ocrx_word' id='word_1_406' title='bbox 1430 1116 1544 1150; x_wconf 86' lang='lat' dir='ltr'><em>veritas</em></span> <span class='ocrx_word' id='word_1_407' title='bbox 1558 1123 1587 1150; x_wconf 90' lang='lat' dir='ltr'><em>et</em></span> <span class='ocrx_word' id='word_1_408' title='bbox 1600 1119 1717 1152; x_wconf 76' lang='lat' dir='ltr'><em>clarius</em></span> <span class='ocrx_word' id='word_1_409' title='bbox 1730 1130 1779 1153; x_wconf 87' lang='lat' dir='ltr'><em>re-</em></span> <span class='ocrx_word' id='word_1_410' title='bbox 1795 1117 1844 1130; x_wconf 51' lang='lat'><em>“³¹&#39;&#39;</em></span> 
     </span>
     <span class='ocr_line' id='line_1_68' title="bbox 1036 1167 1778 1216; baseline 0.009 -17"><span class='ocrx_word' id='word_1_411' title='bbox 1036 1167 1174 1205; x_wconf 83' lang='lat' dir='ltr'><em>nitescit,</em></span> <span class='ocrx_word' id='word_1_412' title='bbox 1198 1173 1229 1201; x_wconf 86' lang='lat' dir='ltr'><em>et</em></span> <span class='ocrx_word' id='word_1_413' title='bbox 1248 1168 1362 1202; x_wconf 78' lang='lat' dir='ltr'><em>fortius</em></span> <span class='ocrx_word' id='word_1_414' title='bbox 1389 1170 1565 1211; x_wconf 86' lang='lat' dir='ltr'><em>retinetur,</em></span> <span class='ocrx_word' id='word_1_415' title='bbox 1590 1172 1667 1205; x_wconf 81' lang='lat' dir='ltr'><em>duni</em></span> <span class='ocrx_word' id='word_1_416' title='bbox 1698 1184 1778 1216; x_wconf 84' lang='lat' dir='ltr'><em>quae</em></span> 
     </span>
    </p>

    <p class='ocr_par' dir='ltr' id='par_1_43' title="bbox 1036 1220 1778 1268">
     <span class='ocr_line' id='line_1_69' title="bbox 1036 1220 1778 1268; baseline 0.009 -15"><span class='ocrx_word' id='word_1_417' title='bbox 1036 1220 1115 1254; x_wconf 85' lang='lat' dir='ltr'><em>fides</em></span> <span class='ocrx_word' id='word_1_418' title='bbox 1140 1221 1229 1264; x_wconf 81' lang='lat' dir='ltr'><em>prius</em></span> <span class='ocrx_word' id='word_1_419' title='bbox 1249 1223 1403 1255; x_wconf 82' lang='lat' dir='ltr'><em>docuerat</em></span> <span class='ocrx_word' id='word_1_420' title='bbox 1419 1221 1447 1263; x_wconf 78' lang='lat'><em>¹⁷,</em></span> <span class='ocrx_word' id='word_1_421' title='bbox 1476 1224 1555 1258; x_wconf 85' lang='lat' dir='ltr'><em>haec</em></span> <span class='ocrx_word' id='word_1_422' title='bbox 1577 1231 1686 1268; x_wconf 81' lang='lat' dir='ltr'><em>postea</em></span> <span class='ocrx_word' id='word_1_423' title='bbox 1705 1237 1778 1259; x_wconf 71' lang='lat' dir='ltr'><em>exa-</em></span> 
     </span>
    </p>

    <p class='ocr_par' dir='ltr' id='par_1_44' title="bbox 1033 1274 1780 1800">
     <span class='ocr_line' id='line_1_70' title="bbox 1037 1274 1778 1323; baseline 0.009 -17"><span class='ocrx_word' id='word_1_424' title='bbox 1037 1274 1170 1308; x_wconf 77' lang='lat' dir='ltr'><em>minatio</em></span> <span class='ocrx_word' id='word_1_425' title='bbox 1180 1276 1380 1309; x_wconf 78' lang='lat' dir='ltr'><em>confirmarit</em></span> <span class='ocrx_word' id='word_1_426' title='bbox 1392 1276 1422 1308; x_wconf 49' lang='lat' dir='ltr'><em>st.</em></span> <span class='ocrx_word' id='word_1_427' title='bbox 1438 1277 1570 1311; x_wconf 82' lang='lat' dir='ltr'><em>Multum</em></span> <span class='ocrx_word' id='word_1_428' title='bbox 1583 1279 1778 1323; x_wconf 79' lang='lat' dir='ltr'><em>deniquesa-</em></span> 
     </span>
     <span class='ocr_line' id='line_1_71' title="bbox 1035 1328 1777 1374; baseline 0.009 -14"><span class='ocrx_word' id='word_1_429' title='bbox 1035 1328 1207 1361; x_wconf 84' lang='lat' dir='ltr'><em>cerdotalis</em></span> <span class='ocrx_word' id='word_1_430' title='bbox 1221 1328 1318 1362; x_wconf 76' lang='lat' dir='ltr'><em>officii</em></span> <span class='ocrx_word' id='word_1_431' title='bbox 1339 1329 1489 1363; x_wconf 82' lang='lat' dir='ltr'><em>meritum</em></span> <span class='ocrx_word' id='word_1_432' title='bbox 1502 1331 1706 1374; x_wconf 79' lang='lat' dir='ltr'><em>splendescit,</em></span> <span class='ocrx_word' id='word_1_433' title='bbox 1724 1334 1777 1366; x_wconf 82' lang='lat' dir='ltr'><em>ubi</em></span> 
     </span>
     <span class='ocr_line' id='line_1_72' title="bbox 1035 1381 1780 1427; baseline 0.009 -14"><span class='ocrx_word' id='word_1_434' title='bbox 1035 1381 1079 1414; x_wconf 92' lang='lat' dir='ltr'><em>sic</em></span> <span class='ocrx_word' id='word_1_435' title='bbox 1099 1392 1302 1416; x_wconf 84' lang='lat' dir='ltr'><em>summorum</em></span> <span class='ocrx_word' id='word_1_436' title='bbox 1327 1382 1347 1398; x_wconf 80' lang='lat'><em>¹⁹</em></span> <span class='ocrx_word' id='word_1_437' title='bbox 1366 1390 1511 1417; x_wconf 76' lang='lat' dir='ltr'><em>servatur</em></span> <span class='ocrx_word' id='word_1_438' title='bbox 1537 1385 1722 1427; x_wconf 85' lang='lat' dir='ltr'><em>auctoritas,</em></span> <span class='ocrx_word' id='word_1_439' title='bbox 1746 1392 1780 1420; x_wconf 90' lang='lat' dir='ltr'><em>ut</em></span> 
     </span>
     <span class='ocr_line' id='line_1_73' title="bbox 1035 1434 1778 1481; baseline 0.009 -15"><span class='ocrx_word' id='word_1_440' title='bbox 1035 1434 1067 1467; x_wconf 90' lang='lat' dir='ltr'><em>in</em></span> <span class='ocrx_word' id='word_1_441' title='bbox 1091 1435 1181 1469; x_wconf 89' lang='lat' dir='ltr'><em>nullo</em></span> <span class='ocrx_word' id='word_1_442' title='bbox 1202 1435 1392 1469; x_wconf 82' lang='lat' dir='ltr'><em>inferiorum</em></span> <span class='ocrx_word' id='word_1_443' title='bbox 1411 1443 1542 1481; x_wconf 87' lang='lat' dir='ltr'><em>putetur</em></span> <span class='ocrx_word' id='word_1_444' title='bbox 1556 1439 1778 1473; x_wconf 84' lang='lat' dir='ltr'><em>imininutali-</em></span> 
     </span>
     <span class='ocr_line' id='line_1_74' title="bbox 1035 1488 1779 1537; baseline 0.008 -16"><span class='ocrx_word' id='word_1_445' title='bbox 1035 1488 1151 1522; x_wconf 79' lang='lat' dir='ltr'><em>bertas.</em></span> <span class='ocrx_word' id='word_1_446' title='bbox 1179 1489 1216 1522; x_wconf 87' lang='lat' dir='ltr'><em>Et</em></span> <span class='ocrx_word' id='word_1_447' title='bbox 1241 1490 1281 1523; x_wconf 87' lang='lat' dir='ltr'><em>ad</em></span> <span class='ocrx_word' id='word_1_448' title='bbox 1306 1490 1463 1524; x_wconf 80' lang='lat' dir='ltr'><em>maiorem</em></span> <span class='ocrx_word' id='word_1_449' title='bbox 1476 1492 1531 1525; x_wconf 86' lang='lat' dir='ltr'><em>Dei</em></span> <span class='ocrx_word' id='word_1_450' title='bbox 1546 1493 1682 1534; x_wconf 77' lang='lat' dir='ltr'><em>gloriam</em></span> <span class='ocrx_word' id='word_1_451' title='bbox 1704 1505 1779 1537; x_wconf 86' lang='lat' dir='ltr'><em>pro-</em></span> 
     </span>
     <span class='ocr_line' id='line_1_75' title="bbox 1034 1542 1777 1588; baseline 0.009 -14"><span class='ocrx_word' id='word_1_452' title='bbox 1034 1542 1101 1574; x_wconf 85' lang='lat' dir='ltr'><em>ficit.</em></span> <span class='ocrx_word' id='word_1_453' title='bbox 1120 1542 1193 1575; x_wconf 84' lang='lat' dir='ltr'><em>finis</em></span> <span class='ocrx_word' id='word_1_454' title='bbox 1222 1544 1396 1585; x_wconf 76' lang='lat' dir='ltr'><em>examinis,</em></span> <span class='ocrx_word' id='word_1_455' title='bbox 1426 1546 1556 1588; x_wconf 82' lang='lat' dir='ltr'><em>quando</em></span> <span class='ocrx_word' id='word_1_456' title='bbox 1587 1547 1626 1579; x_wconf 84' lang='lat' dir='ltr'><em>ad</em></span> <span class='ocrx_word' id='word_1_457' title='bbox 1656 1547 1716 1580; x_wconf 81' lang='lat' dir='ltr'><em>hoc</em></span> <span class='ocrx_word' id='word_1_458' title='bbox 1745 1559 1777 1581; x_wconf 80' lang='lat' dir='ltr'><em>se</em></span> 
     </span>
     <span class='ocr_line' id='line_1_76' title="bbox 1034 1595 1779 1639; baseline 0.008 -11"><span class='ocrx_word' id='word_1_459' title='bbox 1034 1595 1151 1639; x_wconf 83' lang='lat' dir='ltr'><em>accipit</em></span> <span class='ocrx_word' id='word_1_460' title='bbox 1187 1597 1337 1630; x_wconf 76' lang='lat' dir='ltr'><em>exerendi</em></span> <span class='ocrx_word' id='word_1_461' title='bbox 1363 1598 1479 1631; x_wconf 82' lang='lat' dir='ltr'><em>fiducia</em></span> <span class='ocrx_word' id='word_1_462' title='bbox 1499 1597 1539 1639; x_wconf 67' lang='lat'><em>²⁰,</em></span> <span class='ocrx_word' id='word_1_463' title='bbox 1570 1604 1604 1632; x_wconf 87' lang='lat' dir='ltr'><em>ut</em></span> <span class='ocrx_word' id='word_1_464' title='bbox 1632 1600 1779 1634; x_wconf 75' lang='lat' dir='ltr'><em>vincatur</em></span> 
     </span>
     <span class='ocr_line' id='line_1_77' title="bbox 1034 1649 1778 1696; baseline 0.008 -15"><span class='ocrx_word' id='word_1_465' title='bbox 1034 1649 1225 1689; x_wconf 73' lang='lat' dir='ltr'><em>adversitas;</em></span> <span class='ocrx_word' id='word_1_466' title='bbox 1252 1661 1292 1683; x_wconf 89' lang='lat' dir='ltr'><em>ne</em></span> <span class='ocrx_word' id='word_1_467' title='bbox 1318 1652 1404 1694; x_wconf 82' lang='lat' dir='ltr'><em>quod</em></span> <span class='ocrx_word' id='word_1_468' title='bbox 1425 1654 1482 1695; x_wconf 85' lang='lat' dir='ltr'><em>per</em></span> <span class='ocrx_word' id='word_1_469' title='bbox 1501 1663 1533 1686; x_wconf 88' lang='lat' dir='ltr'><em>se</em></span> <span class='ocrx_word' id='word_1_470' title='bbox 1554 1653 1712 1696; x_wconf 82' lang='lat' dir='ltr'><em>probatur</em></span> <span class='ocrx_word' id='word_1_471' title='bbox 1728 1665 1778 1688; x_wconf 87' lang='lat' dir='ltr'><em>re-</em></span> 
     </span>
     <span class='ocr_line' id='line_1_78' title="bbox 1033 1702 1779 1752; baseline 0.008 -17"><span class='ocrx_word' id='word_1_472' title='bbox 1033 1702 1185 1746; x_wconf 86' lang='lat' dir='ltr'><em>probum,</em></span> <span class='ocrx_word' id='word_1_473' title='bbox 1210 1703 1327 1737; x_wconf 83' lang='lat' dir='ltr'><em>silentii</em></span> <span class='ocrx_word' id='word_1_474' title='bbox 1348 1705 1549 1748; x_wconf 82' lang='lat' dir='ltr'><em>praeiudicio</em></span> <span class='ocrx_word' id='word_1_475' title='bbox 1564 1706 1709 1741; x_wconf 80' lang='lat' dir='ltr'><em>videatur</em></span> <span class='ocrx_word' id='word_1_476' title='bbox 1722 1718 1779 1752; x_wconf 86' lang='lat' dir='ltr'><em>op-</em></span> 
     </span>
     <span class='ocr_line' id='line_1_79' title="bbox 1033 1766 1192 1800; baseline 0.006 -12"><span class='ocrx_word' id='word_1_477' title='bbox 1033 1766 1192 1800; x_wconf 86' lang='lat' dir='ltr'><em>pressum.</em></span> 
     </span>
    </p>
   </div>
   <div class='ocr_carea' id='block_1_16' title="bbox 1794 1190 1980 1317">
    <p class='ocr_par' dir='ltr' id='par_1_45' title="bbox 1794 1190 1980 1317">
     <span class='ocr_line' id='line_1_80' title="bbox 1831 1190 1978 1211; baseline 0 -2"><span class='ocrx_word' id='word_1_478' title='bbox 1831 1190 1913 1210; x_wconf 49' lang='lat' dir='ltr'><em>verita&lt;</em></span> <span class='ocrx_word' id='word_1_479' title='bbox 1932 1196 1978 1211; x_wconf 68' lang='lat' dir='ltr'><em>em-</em></span> 
     </span>
     <span class='ocr_line' id='line_1_81' title="bbox 1794 1217 1978 1237; baseline 0 0"><span class='ocrx_word' id='word_1_480' title='bbox 1794 1217 1978 1237; x_wconf 68' lang='lat' dir='ltr'><em>mineusmffwmaia</em></span> 
     </span>
     <span class='ocr_line' id='line_1_82' title="bbox 1794 1244 1980 1267; baseline -0.011 -3"><span class='ocrx_word' id='word_1_481' title='bbox 1794 1246 1815 1264; x_wconf 81' lang='lat' dir='ltr'><em>et</em></span> <span class='ocrx_word' id='word_1_482' title='bbox 1829 1244 1905 1264; x_wconf 57' lang='lat' dir='ltr'><em>clarui&lt;</em></span> <span class='ocrx_word' id='word_1_483' title='bbox 1921 1245 1980 1267; x_wconf 76' lang='lat' dir='ltr'><em>nitet,</em></span> 
     </span>
     <span class='ocr_line' id='line_1_83' title="bbox 1794 1270 1977 1291; baseline -0.005 0"><span class='ocrx_word' id='word_1_484' title='bbox 1794 1272 1813 1291; x_wconf 74' lang='lat' dir='ltr'><em>et</em></span> <span class='ocrx_word' id='word_1_485' title='bbox 1836 1270 1908 1290; x_wconf 63' lang='lat' dir='ltr'><em>furvus</em></span> <span class='ocrx_word' id='word_1_486' title='bbox 1930 1273 1977 1290; x_wconf 72' lang='lat' dir='ltr'><em>reli-</em></span> 
     </span>
     <span class='ocr_line' id='line_1_84' title="bbox 1794 1299 1861 1317; baseline -0.015 0"><span class='ocrx_word' id='word_1_487' title='bbox 1794 1299 1861 1317; x_wconf 58' lang='lat' dir='ltr'><em>netur.</em></span> 
     </span>
    </p>
   </div>
   <div class='ocr_carea' id='block_1_17' title="bbox 1022 1863 1777 2657">
    <p class='ocr_par' dir='ltr' id='par_1_46' title="bbox 1069 1863 1738 1897">
     <span class='ocr_line' id='line_1_85' title="bbox 1069 1863 1738 1897; baseline 0.01 -7"><span class='ocrx_word' id='word_1_488' title='bbox 1069 1863 1100 1890; x_wconf 76' lang='lat'><em>12</em></span> <span class='ocrx_word' id='word_1_489' title='bbox 1121 1875 1133 1887; x_wconf 88' lang='lat'>«</span> <span class='ocrx_word' id='word_1_490' title='bbox 1152 1863 1208 1891; x_wconf 85' lang='lat' dir='ltr'><em>Duo</em></span> <span class='ocrx_word' id='word_1_491' title='bbox 1224 1865 1295 1891; x_wconf 61' lang='lat' dir='ltr'><em>Vati.</em></span> <span class='ocrx_word' id='word_1_492' title='bbox 1313 1866 1488 1894; x_wconf 74' lang='lat' dir='ltr'><em>auctoritate</em></span> <span class='ocrx_word' id='word_1_493' title='bbox 1503 1878 1526 1894; x_wconf 79' lang='grc' dir='ltr'><em>υ.</em></span> <span class='ocrx_word' id='word_1_494' title='bbox 1544 1867 1661 1895; x_wconf 74' lang='lat' dir='ltr'><em>caeciar.</em></span> <span class='ocrx_word' id='word_1_495' title='bbox 1678 1869 1697 1896; x_wconf 89' lang='lat' dir='ltr'><em>l.</em></span> <span class='ocrx_word' id='word_1_496' title='bbox 1715 1878 1738 1897; x_wconf 90' lang='lat' dir='ltr'><em>c.</em></span> 
     </span>
    </p>

    <p class='ocr_par' dir='ltr' id='par_1_47' title="bbox 1069 1909 1710 1941">
     <span class='ocr_line' id='line_1_86' title="bbox 1069 1909 1710 1941; baseline 0.009 -6"><span class='ocrx_word' id='word_1_497' title='bbox 1069 1909 1101 1935; x_wconf 78' lang='lat'><em>13</em></span> <span class='ocrx_word' id='word_1_498' title='bbox 1121 1920 1132 1933; x_wconf 85' lang='lat'><strong><em>«</em></strong></span> <span class='ocrx_word' id='word_1_499' title='bbox 1148 1909 1193 1937; x_wconf 75' lang='grc' dir='ltr'><em>ΑΙ,</em></span> <span class='ocrx_word' id='word_1_500' title='bbox 1210 1911 1491 1939; x_wconf 70' lang='lat' dir='ltr'><em>contradictionis».</em></span> <span class='ocrx_word' id='word_1_501' title='bbox 1510 1912 1633 1940; x_wconf 67' lang='lat' dir='ltr'><em>Biillerin.</em></span> <span class='ocrx_word' id='word_1_502' title='bbox 1652 1914 1668 1941; x_wconf 92' lang='lat'><em>1.</em></span> <span class='ocrx_word' id='word_1_503' title='bbox 1687 1924 1710 1941; x_wconf 91' lang='lat' dir='ltr'><em>c.</em></span> 
     </span>
    </p>

    <p class='ocr_par' dir='ltr' id='par_1_48' title="bbox 1030 1953 1777 2071">
     <span class='ocr_line' id='line_1_87' title="bbox 1069 1953 1777 1990; baseline 0.008 -10"><span class='ocrx_word' id='word_1_504' title='bbox 1069 1953 1100 1980; x_wconf 73' lang='lat' dir='ltr'><em>ib.</em></span> <span class='ocrx_word' id='word_1_505' title='bbox 1119 1964 1131 1977; x_wconf 85' lang='lat'>«</span> <span class='ocrx_word' id='word_1_506' title='bbox 1142 1954 1218 1990; x_wconf 77' lang='lat' dir='ltr'><em>Apud</em></span> <span class='ocrx_word' id='word_1_507' title='bbox 1229 1955 1350 1983; x_wconf 78' lang='lat' dir='ltr'><em>Sicliard.</em></span> <span class='ocrx_word' id='word_1_508' title='bbox 1363 1957 1401 1983; x_wconf 71' lang='lat' dir='ltr'><em>acl</em></span> <span class='ocrx_word' id='word_1_509' title='bbox 1415 1957 1601 1984; x_wconf 77' lang='lat' dir='ltr'><em>dissensiones</em></span> <span class='ocrx_word' id='word_1_510' title='bbox 1612 1958 1728 1987; x_wconf 77' lang='lat' dir='ltr'><em>incitati</em></span> <span class='ocrx_word' id='word_1_511' title='bbox 1742 1960 1777 1986; x_wconf 75' lang='lat' dir='ltr'><em>ab</em></span> 
     </span>
     <span class='ocr_line' id='line_1_88' title="bbox 1031 2001 1776 2039; baseline 0.007 -13"><span class='ocrx_word' id='word_1_512' title='bbox 1031 2002 1149 2027; x_wconf 76' lang='lat' dir='ltr'><em>anctore</em></span> <span class='ocrx_word' id='word_1_513' title='bbox 1165 2001 1404 2028; x_wconf 77' lang='lat' dir='ltr'><em>contradictionis</em></span> <span class='ocrx_word' id='word_1_514' title='bbox 1415 2022 1421 2033; x_wconf 92' lang='lat'>,</span> <span class='ocrx_word' id='word_1_515' title='bbox 1443 2002 1481 2027; x_wconf 80' lang='lat' dir='ltr'><em>ad</em></span> <span class='ocrx_word' id='word_1_516' title='bbox 1498 2002 1600 2029; x_wconf 80' lang='lat' dir='ltr'><em>insana</em></span> <span class='ocrx_word' id='word_1_517' title='bbox 1616 2003 1687 2030; x_wconf 76' lang='lat' dir='ltr'><em>bella</em></span> <span class='ocrx_word' id='word_1_518' title='bbox 1707 2013 1776 2039; x_wconf 82' lang='lat' dir='ltr'><em>pro-</em></span> 
     </span>
     <span class='ocr_line' id='line_1_89' title="bbox 1030 2044 1393 2071; baseline 0.003 -1"><span class='ocrx_word' id='word_1_519' title='bbox 1030 2044 1136 2071; x_wconf 75' lang='lat' dir='ltr'><em>siliunt</em></span> <span class='ocrx_word' id='word_1_520' title='bbox 1150 2054 1176 2071; x_wconf 74' lang='grc' dir='ltr'><em>υ.</em></span> <span class='ocrx_word' id='word_1_521' title='bbox 1194 2044 1321 2071; x_wconf 88' lang='lat' dir='ltr'><em>Ballerin.</em></span> <span class='ocrx_word' id='word_1_522' title='bbox 1338 2045 1357 2071; x_wconf 93' lang='lat' dir='ltr'><em>l.</em></span> <span class='ocrx_word' id='word_1_523' title='bbox 1370 2054 1393 2071; x_wconf 89' lang='lat' dir='ltr'><em>c.</em></span> 
     </span>
    </p>

    <p class='ocr_par' dir='ltr' id='par_1_49' title="bbox 1031 2088 1776 2217">
     <span class='ocr_line' id='line_1_90' title="bbox 1068 2088 1776 2122; baseline 0.007 -7"><span class='ocrx_word' id='word_1_524' title='bbox 1068 2089 1099 2115; x_wconf 80' lang='lat'><em>15</em></span> <span class='ocrx_word' id='word_1_525' title='bbox 1115 2088 1233 2116; x_wconf 81' lang='lat' dir='ltr'><em>Caeciar.</em></span> <span class='ocrx_word' id='word_1_526' title='bbox 1250 2090 1268 2116; x_wconf 89' lang='lat' dir='ltr'><em>l.</em></span> <span class='ocrx_word' id='word_1_527' title='bbox 1281 2098 1303 2116; x_wconf 85' lang='lat' dir='ltr'><em>c.</em></span> <span class='ocrx_word' id='word_1_528' title='bbox 1316 2098 1375 2116; x_wconf 87' lang='lat' dir='ltr'><em>cum</em></span> <span class='ocrx_word' id='word_1_529' title='bbox 1390 2090 1645 2122; x_wconf 68' lang='lat' dir='ltr'><em>nl.211at11m.0uud</em></span> <span class='ocrx_word' id='word_1_530' title='bbox 1661 2101 1725 2120; x_wconf 85' lang='lat' dir='ltr'><em>sane</em></span> <span class='ocrx_word' id='word_1_531' title='bbox 1736 2093 1776 2121; x_wconf 83' lang='lat' dir='ltr'><em>la-</em></span> 
     </span>
     <span class='ocr_line' id='line_1_91' title="bbox 1031 2133 1772 2172; baseline 0.005 -12"><span class='ocrx_word' id='word_1_532' title='bbox 1031 2133 1101 2160; x_wconf 85' lang='lat' dir='ltr'><em>tinae</em></span> <span class='ocrx_word' id='word_1_533' title='bbox 1117 2134 1220 2169; x_wconf 84' lang='lat' dir='ltr'><em>syntaxi</em></span> <span class='ocrx_word' id='word_1_534' title='bbox 1235 2142 1289 2161; x_wconf 85' lang='lat' dir='ltr'><em>non</em></span> <span class='ocrx_word' id='word_1_535' title='bbox 1305 2134 1441 2162; x_wconf 84' lang='lat' dir='ltr'><em>cohaeret.</em></span> <span class='ocrx_word' id='word_1_536' title='bbox 1460 2135 1537 2163; x_wconf 83' lang='lat' dir='ltr'><em>Forte</em></span> <span class='ocrx_word' id='word_1_537' title='bbox 1558 2136 1700 2172; x_wconf 80' lang='lat' dir='ltr'><em>legendum</em></span> <span class='ocrx_word' id='word_1_538' title='bbox 1717 2141 1772 2165; x_wconf 86' lang='lat' dir='ltr'><em>est:</em></span> 
     </span>
     <span class='ocr_line' id='line_1_92' title="bbox 1031 2179 1772 2217; baseline 0.008 -13"><span class='ocrx_word' id='word_1_539' title='bbox 1031 2179 1140 2205; x_wconf 76' lang='lat' dir='ltr'><em>malum</em></span> <span class='ocrx_word' id='word_1_540' title='bbox 1156 2179 1218 2206; x_wconf 76' lang='lat' dir='ltr'><em>eius</em></span> <span class='ocrx_word' id='word_1_541' title='bbox 1233 2182 1350 2206; x_wconf 77' lang='lat' dir='ltr'><em>auclore</em></span> <span class='ocrx_word' id='word_1_542' title='bbox 1360 2180 1446 2207; x_wconf 75' lang='lat' dir='ltr'><em>tocius</em></span> <span class='ocrx_word' id='word_1_543' title='bbox 1462 2180 1597 2208; x_wconf 77' lang='lat' dir='ltr'><em>bonitatis</em></span> <span class='ocrx_word' id='word_1_544' title='bbox 1607 2182 1772 2217; x_wconf 76' lang='lat' dir='ltr'><em>dissipante.</em></span> 
     </span>
    </p>

    <p class='ocr_par' dir='ltr' id='par_1_50' title="bbox 1030 2223 1774 2295">
     <span class='ocr_line' id='line_1_93' title="bbox 1069 2223 1774 2259; baseline 0.006 -10"><span class='ocrx_word' id='word_1_545' title='bbox 1069 2224 1098 2249; x_wconf 71' lang='grc'><em>16</em></span> <span class='ocrx_word' id='word_1_546' title='bbox 1120 2234 1130 2247; x_wconf 72' lang='grc' dir='ltr'><em>(ι</em></span> <span class='ocrx_word' id='word_1_547' title='bbox 1147 2223 1186 2249; x_wconf 87' lang='grc' dir='ltr'><em>ΑΙ.</em></span> <span class='ocrx_word' id='word_1_548' title='bbox 1200 2231 1254 2257; x_wconf 83' lang='lat' dir='ltr'><em>per</em></span> <span class='ocrx_word' id='word_1_549' title='bbox 1270 2224 1408 2256; x_wconf 59' lang='lat' dir='ltr'><em>laborem.-</em></span> <span class='ocrx_word' id='word_1_550' title='bbox 1420 2224 1526 2259; x_wconf 53' lang='lat' dir='ltr'><em>almost</em></span> <span class='ocrx_word' id='word_1_551' title='bbox 1538 2226 1664 2253; x_wconf 78' lang='lat' dir='ltr'><em>laborem</em></span> <span class='ocrx_word' id='word_1_552' title='bbox 1678 2236 1700 2253; x_wconf 74' lang='lat' dir='ltr'><em>n.</em></span> <span class='ocrx_word' id='word_1_553' title='bbox 1714 2227 1774 2253; x_wconf 86' lang='lat' dir='ltr'><em>Bal-</em></span> 
     </span>
     <span class='ocr_line' id='line_1_94' title="bbox 1030 2267 1392 2295; baseline 0.006 -2"><span class='ocrx_word' id='word_1_554' title='bbox 1030 2267 1106 2293; x_wconf 77' lang='lat' dir='ltr'><em>lerin.</em></span> <span class='ocrx_word' id='word_1_555' title='bbox 1125 2271 1151 2294; x_wconf 83' lang='lat' dir='ltr'><em>et</em></span> <span class='ocrx_word' id='word_1_556' title='bbox 1172 2268 1290 2294; x_wconf 77' lang='lat' dir='ltr'><em>Cacciar.</em></span> <span class='ocrx_word' id='word_1_557' title='bbox 1309 2268 1335 2295; x_wconf 93' lang='lat' dir='ltr'><em>ll.</em></span> <span class='ocrx_word' id='word_1_558' title='bbox 1353 2277 1392 2295; x_wconf 83' lang='lat' dir='ltr'><em>cc.</em></span> 
     </span>
    </p>

    <p class='ocr_par' dir='ltr' id='par_1_51' title="bbox 1028 2308 1774 2376">
     <span class='ocr_line' id='line_1_95' title="bbox 1068 2308 1774 2339; baseline 0.007 -6"><span class='ocrx_word' id='word_1_559' title='bbox 1068 2309 1095 2334; x_wconf 79' lang='grc' dir='ltr'><strong>Π</strong></span> <span class='ocrx_word' id='word_1_560' title='bbox 1117 2319 1128 2332; x_wconf 93' lang='lat'>«</span> <span class='ocrx_word' id='word_1_561' title='bbox 1150 2308 1190 2335; x_wconf 72' lang='grc' dir='ltr'><em>ΑΙ.</em></span> <span class='ocrx_word' id='word_1_562' title='bbox 1210 2309 1339 2336; x_wconf 76' lang='lat' dir='ltr'><em>docuerit</em></span> <span class='ocrx_word' id='word_1_563' title='bbox 1354 2319 1379 2336; x_wconf 89' lang='lat'><em>».</em></span> <span class='ocrx_word' id='word_1_564' title='bbox 1400 2309 1524 2337; x_wconf 84' lang='lat' dir='ltr'><em>Ballerin.</em></span> <span class='ocrx_word' id='word_1_565' title='bbox 1542 2310 1558 2337; x_wconf 86' lang='lat' dir='ltr'><em>l.</em></span> <span class='ocrx_word' id='word_1_566' title='bbox 1571 2319 1593 2337; x_wconf 87' lang='lat' dir='ltr'><em>c.</em></span> <span class='ocrx_word' id='word_1_567' title='bbox 1611 2311 1774 2339; x_wconf 86' lang='lat' dir='ltr'><em>Concinnius</em></span> 
     </span>
     <span class='ocr_line' id='line_1_96' title="bbox 1028 2348 1303 2376; baseline 0.004 -1"><span class='ocrx_word' id='word_1_568' title='bbox 1028 2348 1061 2375; x_wconf 81' lang='lat' dir='ltr'><em>ad</em></span> <span class='ocrx_word' id='word_1_569' title='bbox 1076 2356 1148 2375; x_wconf 84' lang='lat' dir='ltr'><em>sens.</em></span> <span class='ocrx_word' id='word_1_570' title='bbox 1170 2357 1197 2375; x_wconf 84' lang='lat' dir='ltr'><em>n.</em></span> <span class='ocrx_word' id='word_1_571' title='bbox 1214 2349 1303 2376; x_wconf 82' lang='lat' dir='ltr'><em>lectio.</em></span> 
     </span>
    </p>

    <p class='ocr_par' dir='ltr' id='par_1_52' title="bbox 1026 2388 1773 2504">
     <span class='ocr_line' id='line_1_97' title="bbox 1064 2388 1770 2426; baseline 0.008 -12"><span class='ocrx_word' id='word_1_572' title='bbox 1064 2389 1096 2415; x_wconf 80' lang='lat'><em>18</em></span> <span class='ocrx_word' id='word_1_573' title='bbox 1112 2388 1220 2416; x_wconf 69' lang='lat' dir='ltr'><em>Caco-ar.</em></span> <span class='ocrx_word' id='word_1_574' title='bbox 1238 2390 1255 2416; x_wconf 92' lang='lat' dir='ltr'><em>l.</em></span> <span class='ocrx_word' id='word_1_575' title='bbox 1274 2398 1297 2417; x_wconf 92' lang='lat' dir='ltr'><em>c.</em></span> <span class='ocrx_word' id='word_1_576' title='bbox 1314 2398 1374 2417; x_wconf 88' lang='lat' dir='ltr'><em>cum</em></span> <span class='ocrx_word' id='word_1_577' title='bbox 1389 2390 1423 2418; x_wconf 83' lang='lat' dir='ltr'><em>al.</em></span> <span class='ocrx_word' id='word_1_578' title='bbox 1441 2393 1642 2426; x_wconf 79' lang='lat' dir='ltr'><em>confirmorel;</em></span> <span class='ocrx_word' id='word_1_579' title='bbox 1655 2392 1689 2419; x_wconf 88' lang='lat' dir='ltr'><em>al.</em></span> <span class='ocrx_word' id='word_1_580' title='bbox 1703 2401 1770 2419; x_wconf 79' lang='lat' dir='ltr'><em>con-</em></span> 
     </span>
     <span class='ocr_line' id='line_1_98' title="bbox 1026 2428 1773 2467; baseline 0.008 -13"><span class='ocrx_word' id='word_1_581' title='bbox 1026 2428 1197 2461; x_wconf 65' lang='lat' dir='ltr'><em>firmaverit.</em></span> <span class='ocrx_word' id='word_1_582' title='bbox 1223 2430 1280 2457; x_wconf 80' lang='lat' dir='ltr'><em>Vid.</em></span> <span class='ocrx_word' id='word_1_583' title='bbox 1305 2435 1331 2457; x_wconf 89' lang='lat' dir='ltr'><em>et</em></span> <span class='ocrx_word' id='word_1_584' title='bbox 1353 2431 1480 2459; x_wconf 79' lang='lat' dir='ltr'><em>Ballerin.</em></span> <span class='ocrx_word' id='word_1_585' title='bbox 1503 2432 1519 2458; x_wconf 95' lang='grc' dir='ltr'><em>Ι.</em></span> <span class='ocrx_word' id='word_1_586' title='bbox 1543 2440 1565 2459; x_wconf 94' lang='lat' dir='ltr'><em>c.</em></span> <span class='ocrx_word' id='word_1_587' title='bbox 1585 2433 1773 2467; x_wconf 78' lang='lat' dir='ltr'><em>Confirmaret</em></span> 
     </span>
     <span class='ocr_line' id='line_1_99' title="bbox 1026 2469 1430 2504; baseline 0.01 -10"><span class='ocrx_word' id='word_1_588' title='bbox 1026 2469 1116 2504; x_wconf 82' lang='lat' dir='ltr'><em>inepte</em></span> <span class='ocrx_word' id='word_1_589' title='bbox 1131 2470 1164 2496; x_wconf 80' lang='lat' dir='ltr'><em>ad</em></span> <span class='ocrx_word' id='word_1_590' title='bbox 1181 2475 1248 2497; x_wconf 81' lang='lat' dir='ltr'><em>orat.</em></span> <span class='ocrx_word' id='word_1_591' title='bbox 1267 2475 1430 2499; x_wconf 76' lang='lat' dir='ltr'><em>contextum.</em></span> 
     </span>
    </p>

    <p class='ocr_par' dir='ltr' id='par_1_53' title="bbox 1022 2509 1771 2587">
     <span class='ocr_line' id='line_1_100' title="bbox 1064 2509 1771 2547; baseline 0.007 -11"><span class='ocrx_word' id='word_1_592' title='bbox 1064 2509 1095 2536; x_wconf 78' lang='lat'><em>19</em></span> <span class='ocrx_word' id='word_1_593' title='bbox 1119 2520 1130 2534; x_wconf 88' lang='lat'>«</span> <span class='ocrx_word' id='word_1_594' title='bbox 1147 2510 1270 2537; x_wconf 73' lang='lat' dir='ltr'><em>Nonnulli</em></span> <span class='ocrx_word' id='word_1_595' title='bbox 1285 2511 1362 2538; x_wconf 86' lang='lat' dir='ltr'><em>codd.</em></span> <span class='ocrx_word' id='word_1_596' title='bbox 1385 2520 1564 2547; x_wconf 74' lang='lat' dir='ltr'><em>summopere</em></span> <span class='ocrx_word' id='word_1_597' title='bbox 1580 2517 1625 2539; x_wconf 83' lang='lat' dir='ltr'><em>aut</em></span> <span class='ocrx_word' id='word_1_598' title='bbox 1644 2522 1771 2541; x_wconf 82' lang='lat' dir='ltr'><em>summo-</em></span> 
     </span>
     <span class='ocr_line' id='line_1_101' title="bbox 1022 2550 1630 2587; baseline 0.007 -12"><span class='ocrx_word' id='word_1_599' title='bbox 1022 2557 1159 2584; x_wconf 77' lang='lat' dir='ltr'><em>perum».</em></span> <span class='ocrx_word' id='word_1_600' title='bbox 1177 2550 1305 2578; x_wconf 82' lang='lat' dir='ltr'><em>Ballerin.</em></span> <span class='ocrx_word' id='word_1_601' title='bbox 1321 2552 1338 2578; x_wconf 91' lang='lat' dir='ltr'><em>l.</em></span> <span class='ocrx_word' id='word_1_602' title='bbox 1352 2560 1374 2579; x_wconf 88' lang='lat' dir='ltr'><em>c.</em></span> <span class='ocrx_word' id='word_1_603' title='bbox 1393 2553 1461 2579; x_wconf 79' lang='lat' dir='ltr'><em>Sane</em></span> <span class='ocrx_word' id='word_1_604' title='bbox 1479 2561 1630 2587; x_wconf 80' lang='lat' dir='ltr'><em>perperam.</em></span> 
     </span>
    </p>

    <p class='ocr_par' dir='ltr' id='par_1_54' title="bbox 1024 2590 1771 2657">
     <span class='ocr_line' id='line_1_102' title="bbox 1059 2590 1771 2628; baseline 0.006 -12"><span class='ocrx_word' id='word_1_605' title='bbox 1059 2590 1093 2617; x_wconf 67' lang='lat'><em>⁹20</em></span> <span class='ocrx_word' id='word_1_606' title='bbox 1109 2590 1227 2617; x_wconf 82' lang='lat' dir='ltr'><em>Cacciar.</em></span> <span class='ocrx_word' id='word_1_607' title='bbox 1245 2592 1262 2617; x_wconf 92' lang='grc' dir='ltr'><em>Ι.</em></span> <span class='ocrx_word' id='word_1_608' title='bbox 1280 2600 1302 2618; x_wconf 93' lang='lat' dir='ltr'><em>c.</em></span> <span class='ocrx_word' id='word_1_609' title='bbox 1319 2593 1387 2619; x_wconf 65' lang='lat' dir='ltr'><em>forte</em></span> <span class='ocrx_word' id='word_1_610' title='bbox 1409 2593 1600 2628; x_wconf 72' lang='lat' dir='ltr'><em>typographico</em></span> <span class='ocrx_word' id='word_1_611' title='bbox 1617 2593 1714 2620; x_wconf 79' lang='lat' dir='ltr'><em>mendo</em></span> <span class='ocrx_word' id='word_1_612' title='bbox 1739 2594 1771 2628; x_wconf 71' lang='lat' dir='ltr'><em>sl-</em></span> 
     </span>
     <span class='ocr_line' id='line_1_103' title="bbox 1024 2630 1150 2657; baseline 0.008 -1"><span class='ocrx_word' id='word_1_613' title='bbox 1024 2630 1150 2657; x_wconf 69' lang='lat' dir='ltr'><em>ductam.</em></span> 
     </span>
    </p>
   </div>
  </div>
 </body>
</html>
