2244 3183
85 231 133 257 An.
155 230 183 257 C.
200 229 251 257 493

95 1413 117 1434 ln
133 1414 267 1440 imperatoris

84 1440 162 1461 auxilio
173 1440 265 1462 confidit*

887 231 911 253 S.
943 230 1092 255 GELASIL'S
1118 230 1127 255 1
1153 231 1197 253 PP.

1706 214 1768 249 267

1835 225 1884 251 An.
1907 225 1936 252 C.
1956 224 2006 252 493

284 278 424 311 Verbum
447 278 636 321 indiguisse,
659 283 693 311 ut
711 289 728 310 a
747 278 839 311 Patre
857 277 1028 311 suscitare-
1045 283 1048 300 t
1064 289 1161 322 quam
1183 279 1293 322 utique
1321 278 1373 311 ille
1399 276 1643 322 apprehendere
1663 274 1803 319 poterit,
1842 287 1958 307 venialem
1974 293 2004 307 a.

1822 314 1900 340 quitur,
1911 319 1946 339 qui
1959 319 2005 333 san-

285 337 346 372 tur,
360 337 414 364 aut
429 331 497 365 sine
510 332 618 365 anima
635 342 764 376 corpus,
782 337 834 364 aut
851 331 919 364 sine
933 342 1028 365 sensu
1064 333 1117 376 qui
1156 332 1411 366 orthodoxorum
1447 331 1579 364 Patrum
1596 357 1603 370 ‚
1636 329 1717 362 sicut
1742 328 1805 361 iam
1822 343 1902 360 ciorum
1921 340 2006 360 Parrum

1822 366 1918 393 sequitur
1946 369 2004 386 inssi-

283 385 447 419 hominem
462 386 652 430 suscepisse,
669 390 722 418 aut
738 385 816 418 duas
834 384 1029 417 substantias
1063 396 1158 429 saepe
1180 385 1300 418 dictum
1326 390 1383 424 est,
1412 382 1626 417 observaverit
1650 382 1802 415 instituta.
1823 396 1874 414 tuta.

282 439 397 474 Christi
412 439 590 473 secundum
611 438 859 483 permixtionem
881 438 1029 471 confusas

284 507 382 532 unam
408 498 525 531 saetam
547 496 644 530 fuisse
665 495 891 536 substantiam,
915 501 946 529 et
963 506 1029 529 non

284 552 475 586 confitentes
485 551 657 585 Dominum
668 555 815 584 nostrum
827 549 930 583 Iesum
943 549 1030 583 Chri-

283 611 368 639 stum
390 605 468 638 duas
483 615 551 638 esse
564 609 696 637 naturas
710 603 894 637 inconfusas
906 630 913 643 ,
930 613 1027 636 unam

283 663 389 692 autem
411 668 605 703 personam,
629 658 806 691 secundum
837 656 925 701 quod
946 667 1028 689 unus

282 710 438 752 Christus,
463 721 547 744 unus
568 710 652 744 idem
671 710 782 751 Filius,
804 710 880 743 istos
897 709 1029 742 anathe-

283 765 379 798 mizat
409 765 567 798 catholica
597 770 628 798 et
666 763 842 808 apostolica
878 763 1023 797 ecclesia.

282 819 367 852 Haec
388 829 464 861 ergo
486 824 570 860 sunt,
591 818 688 851 frater
709 817 928 857 dilectissime,
945 827 1027 860 quae

282 883 342 918 pro
374 872 522 906 antidoto
547 883 607 906 nos
632 872 751 906 dehere
776 871 904 904 mittere
929 871 1023 913 flagi-

283 926 367 967 tasti,
384 926 470 970 quod
488 926 612 958 nullum
635 935 794 964 amarum,
812 934 918 968 neque
932 924 1025 956 dulce

282 980 415 1014 noxium
436 979 610 1013 videndum
633 977 804 1021 refugite¹3
830 988 905 1010 nam
932 983 960 1010 et
987 978 1025 1011 de

282 1039 392 1067 nostro
413 1038 572 1066 conventu
591 1032 854 1076 disposueramus
868 1031 1024 1075 quosdam

283 1087 433 1130 dirigere,
462 1086 487 1120 si
512 1086 595 1119 ratio
617 1086 648 1119 id
675 1085 828 1130 temporis
849 1085 919 1118 fieri
946 1096 1022 1129 per-

285 1141 440 1174 misisset:
469 1141 556 1185 quod
580 1140 684 1174 facere
710 1139 872 1173 credimus
899 1149 1022 1184 oppor-

284 1201 371 1237 tune,
395 1206 469 1229 cum
496 1195 623 1228 illarum
644 1194 784 1239 partium
807 1193 966 1227 eorrectio
987 1194 1026 1227 ad

282 1259 352 1290 nos,
376 1248 505 1282 iuvante
522 1248 670 1285 Domino.
695 1247 856 1290 legatione
876 1247 1026 1291 plenissi-

282 1313 356 1343 ma,
385 1302 463 1335 sicut
498 1302 712 1342 confidimus,
742 1301 834 1334 suerit
859 1301 1022 1334 nuntiata:

281 1362 448 1401 sperantes
469 1356 565 1389 etiam
589 1356 627 1389 de
642 1355 696 1389 Dei
718 1355 819 1388 nostri
837 1355 1023 1388 misericor-

282 1410 350 1451 dia,
380 1416 413 1444 ut
439 1409 515 1443 huic
539 1409 772 1454 praedicationi
805 1415 933 1442 nostrae
959 1409 1024 1442 cle-

284 1464 501 1498 mentissimus
513 1469 542 1497 et
554 1463 837 1497 christianissimus
849 1463 1028 1506 Imperator

283 1518 529 1552 unanimitatem
548 1528 638 1551 suam
657 1517 877 1561 auxiliumque
891 1516 1026 1550 coniun-

284 1578 347 1616 gat,
366 1577 524 1616 quatenus
545 1582 604 1616 pro
619 1571 682 1604 fide
697 1581 759 1615 qua
777 1571 889 1614 pollet,
913 1570 944 1602 in
967 1570 1027 1602 illis

284 1626 471 1670 regionibus
505 1630 671 1666 coerceat,
711 1624 789 1668 quin
826 1623 890 1657 suis
921 1634 1023 1667 quae—

283 1679 465 1721 stiunculis,
487 1684 517 1713 et
530 1679 707 1712 secundum
725 1679 885 1712 elementa
903 1677 1027 1719 mundi,

284 1733 367 1767 sicut
386 1743 437 1766 vas
458 1732 625 1766 electionis
639 1737 712 1766 ante
730 1731 899 1776 praedixit,
916 1741 1026 1775 super—

284 1787 348 1821 flua
372 1796 520 1830 vanaque
545 1786 728 1827 concinant,
756 1785 901 1819 nolentes
926 1785 1027 1818 conti-

283 1840 352 1874 neri
371 1840 565 1874 salutaribus
579 1838 781 1884 disciplinis?
795 1839 857 1873 Sed
867 1849 928 1879 vote,
946 1838 1027 1873 sicut

284 1894 328 1928 ait
341 1894 425 1928 idem
439 1895 614 1939 apostolus,
626 1904 689 1927 non
705 1893 922 1926 itaclidicistis
931 1893 1026 1928 Chri-

284 1952 381 1990 stum,
402 1948 431 1981 si
448 1952 553 1981 tamen
576 1947 675 1980 illum
693 1947 845 1987 (ttulistis,
866 1951 894 1979 et
916 1948 949 1979 in
969 1947 1026 1979 illo

285 2001 370 2034 docti
390 2001 482 2042 estis,
514 2001 598 2034 sicut
625 2005 669 2034 est
699 2001 819 2033 veritas
846 2000 878 2033 in
910 2000 983 2033 Iesu
1001 2000 1022 2041 ³,

322 2109 331 2135 1
355 2107 450 2135 Baron.
469 2110 554 2140 recte,
570 2110 600 2133 ut
618 2106 723 2142 opinor,
747 2106 827 2142 legit:
847 2107 925 2139 Quod
936 2115 1026 2142 (snum

284 2153 399 2180 nullum
417 2160 563 2187 amarum,
585 2160 672 2188 neque
688 2153 769 2179 dulce
779 2153 899 2180 noxium
912 2153 1024 2187 habeat,

285 2202 379 2230 bibere
389 2211 424 2229 ne
436 2202 569 2237 refugite.

319 2252 336 2279 2
352 2251 402 2280 Uhi
418 2253 451 2279 al.
471 2251 523 2279 duo
545 2255 652 2287 puncta,
670 2259 718 2279 nos
734 2259 815 2278 unum
828 2251 1027 2288 perspicuitatis

285 2311 350 2339 ergo
364 2302 550 2330 interiicimus.

320 2352 337 2380 3
351 2352 450 2388 Ephes.
469 2358 495 2379 tv
509 2351 553 2387 20,
565 2351 608 2378 21.
627 2351 728 2378 Passim
741 2351 804 2379 edit.
818 2351 844 2378 in
855 2351 961 2385 Iesum,
981 2352 1025 2379 sed

285 2410 437 2439 perperam.

320 2452 336 2480 4
352 2452 412 2480 Bin.
429 2451 498 2488 apud
516 2451 599 2479 Mansi
610 2451 679 2479 hanc
689 2459 731 2488 ep.
749 2451 781 2479 ad
793 2460 858 2479 ann.
869 2452 953 2480 refert
963 2452 1024 2480 492.

285 2501 363 2529 Cont.
384 2501 474 2529 Const.
492 2509 561 2537 quae
580 2509 648 2534 eam,
671 2504 700 2527 ut
719 2499 866 2533 innuimus,
889 2500 1026 2528 Anastasio

1045 440 1145 492 'Deus
1168 444 1195 472 te
1217 439 1413 472 incolumem
1436 437 1605 477 custodiat,
1628 437 1724 470 frater
1749 446 1803 470 ca-

1064 492 1188 525 rissime
1202 493 1222 524 ⁴.

1294 657 1477 691 EpisTOLA
1508 656 1568 690 11⁵.

1061 756 1235 790 Scribentli
1263 766 1377 787 causas
1406 764 1601 787 enumerans
1623 754 1804 787 electionem

1104 817 1200 839 snam
1223 816 1283 849 per
1315 804 1500 838 Ursicinum
1527 803 1656 843 indicit,
1680 814 1717 835 ac
1740 803 1807 836 En-

1106 856 1211 899 tychis
1225 854 1351 887 haeresi
1365 854 1519 896 refutata,
1538 852 1729 885 Dardaniae
1742 853 1808 896 epi-

1104 915 1211 948 scopos
1237 904 1399 941 hortatur,
1423 912 1463 934 no
1483 902 1590 934 ullam
1611 912 1684 934 cunt
1702 902 1807 945 Euty-

1104 954 1278 987 cln'anistis
1292 952 1551 985 communionem
1565 951 1756 991 instituant,
1780 956 1808 984 et

1102 1006 1287 1047 praesentes
1306 1002 1433 1034 lim-ras
1453 1001 1606 1044 finitimis
1619 1001 1804 1033 cnttncient.

1060 1083 1271 1113 Dilectissimis
1299 1082 1444 1110 fratribus
1469 1080 1621 1109 universis
1651 1080 1806 1116 Episcopis

1095 1137 1147 1164 per
1174 1127 1370 1162 Dardaniamj·
1383 1125 1562 1154 constitutis
1584 1125 1719 1153 Gelasius
1741 1125 1807 1160 Epi-

1096 1181 1215 1208 scopus.

1104 1246 1163 1280 Ubi
1185 1245 1327 1290 primum
1348 1244 1509 1289 respirare
1535 1244 1581 1277 sas
1599 1248 1644 1277 est
1667 1254 1684 1276 a
1705 1243 1807 1278 conti·

1060 1310 1199 1333 nuorum
1232 1303 1422 1343 tempestate
1449 1298 1611 1332 bellorum
1628 1325 1635 1338 ,
1667 1308 1750 1342 quae
1774 1298 1807 1330 in

1062 1355 1123 1388 illis
1156 1353 1342 1399 provinciiS,
1379 1353 1424 1386 rel
1451 1352 1483 1385 in
1509 1352 1576 1386 istis
1606 1352 1807 1396 temporibus

1062 1408 1200 1453 qualitas
1223 1408 1233 1423 ὃ
1258 1407 1456 1441 incessanter
1481 1405 1638 1446 exercuit,
1674 1410 1807 1439 cunctos

1062 1473 1120 1506 per
1148 1461 1341 1495 Dardaniam
1367 1460 1495 1494 Domini
1523 1460 1709 1493 sacerdotes
1737 1460 1803 1493 fra-

1064 1523 1171 1549 ternae
1204 1514 1433 1548 sollicitudinis
1464 1514 1620 1548 charitate
1657 1513 1806 1547 duximus

1062 1569 1303 1613 alloquendos⁷.
1320 1568 1462 1601 Primum
1476 1567 1551 1610 quia
1564 1566 1710 1609 regimen
1720 1567 1805 1610 Apo-

1062 1623 1194 1656 stolicae
1219 1621 1309 1656 Sedis
1335 1621 1464 1665 adepti,
1498 1620 1632 1664 strepitu
1660 1620 1803 1664 publico,

1061 1677 1143 1710 sicut
1165 1676 1286 1709 dictum
1308 1680 1365 1715 est,
1384 1674 1580 1714 retardante,
1598 1673 1804 1707 commissum

1062 1730 1155 1764 nobis
1175 1739 1285 1763 sacrae
1299 1727 1547 1773 dispensationis
1562 1727 1716 1767 osticium,
1732 1738 1807 1771 pro-

1061 1784 1151 1828 priis,
1174 1790 1207 1817 ut
1231 1793 1299 1817 mos
1314 1789 1392 1824 erat,
1416 1782 1530 1816 litteris
1550 1781 1806 1825 nequimus⁸in-

1062 1839 1182 1878 dicare,
1210 1848 1275 1881 quo
1301 1842 1404 1870 vestra
1429 1835 1611 1870 fraternitas
1643 1836 1683 1869 de
1712 1845 1803 1869 eolu—

1062 1891 1226 1925 munionis
1246 1890 1373 1924 Domini
1387 1889 1558 1923 nobiseum
1580 1899 1715 1922 munere
1728 1900 1802 1933 gra-

1063 1946 1196 1983 tuletur2
1218 1945 1346 1985 deinde,
1360 1949 1396 1977 ut
1409 1948 1594 1988 posttantas
1616 1943 1806 1976 acerbitates

1062 1998 1409 2042 incommoditatesque
1441 1998 1637 2037 mundanas,
1669 1997 1807 2041 qualiter

1062 2106 1139 2134 1166*
1163 2106 1199 2133 De
1225 2105 1333 2133 vitanda
1363 2104 1592 2140 Eutychianorum
1617 2103 1806 2131 commuuione

1061 2151 1127 2178 duas
1143 2151 1271 2187 epistolas
1286 2150 1319 2177 ad
1335 2149 1483 2186 Episcopos
1505 2148 1656 2176 Dardaniae
1685 2148 1805 2176 Gelasius

1061 2197 1141 2234 misit:
1160 2196 1276 2232 priorem
1293 2203 1340 2230 per
1355 2194 1530 2230 Tripbonein,
1547 2201 1615 2230 quae
1632 2193 1712 2221 hodie
1732 2193 1804 2221 desi-

1061 2242 1183 2275 deratur⁷
1204 2240 1273 2267 hanc
1291 2248 1339 2276 per
1354 2239 1517 2272 Ursicinum,
1537 2242 1617 2275 prout.
1634 2238 1684 2274 ipsi
1703 2238 1805 2274 petive-

1062 2290 1132 2313 rant.
1154 2285 1324 2321 Encyclicam
1343 2287 1432 2311 autem
1455 2292 1514 2310 esse
1539 2283 1604 2310 satis
1627 2282 1712 2319 liquet
1727 2291 1741 2310 e
1756 2291 1804 2319 po-

1061 2331 1168 2358 stremis
1189 2330 1278 2357 verbis
1306 2328 1446 2364 epistotae.
1472 2327 1532 2355 Vid.
1552 2328 1608 2355 Diu.
1636 2327 1706 2364 apud
1722 2327 1804 2355 Mansi

1061 2376 1093 2403 ad
1116 2375 1183 2403 banc
1199 2383 1241 2411 ep.

1096 2419 1112 2446 6
1131 2419 1171 2446 Al.
1193 2426 1259 2446 sane
1279 2421 1352 2445 recte
1378 2418 1407 2444 in
1434 2417 1494 2446 iltis
1510 2417 1672 2453 provinciis
1696 2419 1803 2453 tempo-

1062 2474 1129 2492 rum
1145 2464 1283 2500 qualitas

1097 2509 1111 2536 7
1128 2508 1215 2536 Etiam
1244 2507 1286 2535 hic
1312 2507 1512 2544 perspicuitatis
1530 2507 1616 2544 gratia
1641 2516 1689 2544 pro
1719 2508 1800 2536 duob.

286 2549 412 2584 vindicat,
434 2549 561 2586 scriptam
578 2549 717 2577 contendit
737 2557 799 2577 ann.
817 2549 878 2577 497.
900 2549 966 2577 Jass'e
981 2558 1024 2585 op.
1061 2554 1166 2590 punctis
1181 2561 1265 2581 unum
1277 2553 1420 2589 affigimus.

286 2608 309 2627 c¹
331 2607 390 2636 pag.
407 2599 441 2627 54
456 2607 518 2627 ann.
536 2599 659 2634 adsignat
674 2598 734 2626 492.

1095 2599 1112 2627 8
1127 2599 1166 2627 At.
1179 2599 1371 2635 nequivimus.
1391 2598 1496 2635 Optime
1507 2598 1540 2626 ad
1556 2606 1640 2633 sens,
1656 2597 1802 2626 dummodo

321 2648 338 2676 5
357 2648 394 2676 Ex
425 2649 510 2676 Labh.
534 2649 643 2677 Concil.
667 2649 792 2681 Gollect.,
822 2652 886 2678 tom.
912 2656 948 2683 iv,
974 2649 1024 2677 col.
1063 2654 1124 2675 mox
1139 2645 1307 2675 subsituatur
1321 2645 1533 2681 yraenlarctur.

1865 1247 1905 1268 Cur
1921 1247 2007 1268 tandem

1822 1274 1904 1296 litteras
1915 1276 1992 1296 mittat⁴
