<?xml version="1.0" encoding="UTF-8"?>
<!DOCTYPE html PUBLIC "-//W3C//DTD XHTML 1.0 Transitional//EN"
    "http://www.w3.org/TR/xhtml1/DTD/xhtml1-transitional.dtd">
<html xmlns="http://www.w3.org/1999/xhtml" xml:lang="en" lang="en">
 <head>
  <title>
</title>
<meta http-equiv="Content-Type" content="text/html;charset=utf-8" />
  <meta name='ocr-system' content='tesseract 3.04.00' />
  <meta name='ocr-capabilities' content='ocr_page ocr_carea ocr_par ocr_line ocrx_word'/>
</head>
<body>
  <div class='ocr_page' id='page_1' title='image "./bullarumdiplomat00cath_0291.png"; bbox 0 0 2244 3183; ppageno 0'>
   <div class='ocr_carea' id='block_1_1' title="bbox 119 232 285 262">
    <p class='ocr_par' dir='ltr' id='par_1_1' title="bbox 119 232 285 262">
     <span class='ocr_line' id='line_1_1' title="bbox 119 232 285 262; baseline -0.018 0"><span class='ocrx_word' id='word_1_1' title='bbox 119 234 168 262; x_wconf 80' lang='lat' dir='ltr'>An.</span> <span class='ocrx_word' id='word_1_2' title='bbox 184 233 213 260; x_wconf 92' lang='lat' dir='ltr'>C.</span> <span class='ocrx_word' id='word_1_3' title='bbox 234 232 285 260; x_wconf 75' lang='lat'>493</span> 
     </span>
    </p>
   </div>
   <div class='ocr_carea' id='block_1_2' title="bbox 118 510 301 617">
    <p class='ocr_par' dir='ltr' id='par_1_2' title="bbox 118 510 301 617">
     <span class='ocr_line' id='line_1_2' title="bbox 124 510 301 532; baseline -0.011 -1"><span class='ocrx_word' id='word_1_4' title='bbox 124 511 184 531; x_wconf 75' lang='lat' dir='ltr'>Fatso</span> <span class='ocrx_word' id='word_1_5' title='bbox 191 510 301 532; x_wconf 75' lang='lat' dir='ltr'>asseritur,</span> 
     </span>
     <span class='ocr_line' id='line_1_3' title="bbox 120 537 300 557; baseline -0.006 0"><span class='ocrx_word' id='word_1_6' title='bbox 120 538 202 557; x_wconf 81' lang='lat' dir='ltr'>Petrum</span> <span class='ocrx_word' id='word_1_7' title='bbox 214 537 300 557; x_wconf 78' lang='lat' dir='ltr'>Alexan-</span> 
     </span>
     <span class='ocr_line' id='line_1_4' title="bbox 119 563 300 585; baseline 0.006 -3"><span class='ocrx_word' id='word_1_8' title='bbox 119 564 200 585; x_wconf 68' lang='lat' dir='ltr'>drinum</span> <span class='ocrx_word' id='word_1_9' title='bbox 237 563 300 584; x_wconf 76' lang='lat' dir='ltr'>fuisse</span> 
     </span>
     <span class='ocr_line' id='line_1_5' title="bbox 118 592 235 617; baseline -0.009 -6"><span class='ocrx_word' id='word_1_10' title='bbox 118 592 235 617; x_wconf 64' lang='lat' dir='ltr'>purgatum.</span> 
     </span>
    </p>
   </div>
   <div class='ocr_carea' id='block_1_3' title="bbox 117 1257 302 1386">
    <p class='ocr_par' dir='ltr' id='par_1_3' title="bbox 117 1257 302 1386">
     <span class='ocr_line' id='line_1_6' title="bbox 148 1257 300 1278; baseline 0 0"><span class='ocrx_word' id='word_1_11' title='bbox 148 1257 177 1278; x_wconf 75' lang='lat' dir='ltr'>De</span> <span class='ocrx_word' id='word_1_12' title='bbox 195 1258 300 1278; x_wconf 76' lang='lat' dir='ltr'>catholica</span> 
     </span>
     <span class='ocr_line' id='line_1_7' title="bbox 117 1285 302 1305; baseline 0.005 -2"><span class='ocrx_word' id='word_1_13' title='bbox 117 1285 264 1305; x_wconf 66' lang='lat' dir='ltr'>commuuione</span> <span class='ocrx_word' id='word_1_14' title='bbox 273 1291 302 1304; x_wconf 77' lang='grc'>51-</span> 
     </span>
     <span class='ocr_line' id='line_1_8' title="bbox 117 1311 301 1337; baseline -0.005 -5"><span class='ocrx_word' id='word_1_15' title='bbox 117 1312 137 1332; x_wconf 82' lang='lat' dir='ltr'>bt</span> <span class='ocrx_word' id='word_1_16' title='bbox 147 1311 260 1334; x_wconf 70' lang='lat' dir='ltr'>blanditur,</span> <span class='ocrx_word' id='word_1_17' title='bbox 267 1317 301 1337; x_wconf 76' lang='lat' dir='ltr'>qui</span> 
     </span>
     <span class='ocr_line' id='line_1_9' title="bbox 118 1338 302 1358; baseline -0.005 0"><span class='ocrx_word' id='word_1_18' title='bbox 118 1343 164 1358; x_wconf 88' lang='lat' dir='ltr'>cum</span> <span class='ocrx_word' id='word_1_19' title='bbox 197 1338 302 1358; x_wconf 79' lang='lat' dir='ltr'>damnatis</span> 
     </span>
     <span class='ocr_line' id='line_1_10' title="bbox 117 1365 300 1386; baseline 0 -1"><span class='ocrx_word' id='word_1_20' title='bbox 117 1365 300 1386; x_wconf 71' lang='lat' dir='ltr'>societateminnt.</span> 
     </span>
    </p>
   </div>
   <div class='ocr_carea' id='block_1_4' title="bbox 119 1792 302 1899">
    <p class='ocr_par' dir='ltr' id='par_1_4' title="bbox 119 1792 302 1899">
     <span class='ocr_line' id='line_1_11' title="bbox 131 1792 301 1820; baseline 0 -6"><span class='ocrx_word' id='word_1_21' title='bbox 131 1792 164 1814; x_wconf 84' lang='lat' dir='ltr'>Nil</span> <span class='ocrx_word' id='word_1_22' title='bbox 175 1793 229 1814; x_wconf 79' lang='lat' dir='ltr'>enim</span> <span class='ocrx_word' id='word_1_23' title='bbox 241 1798 301 1820; x_wconf 82' lang='lat' dir='ltr'>prae·</span> 
     </span>
     <span class='ocr_line' id='line_1_12' title="bbox 119 1819 302 1845; baseline 0.005 -5"><span class='ocrx_word' id='word_1_24' title='bbox 119 1822 160 1840; x_wconf 76' lang='lat' dir='ltr'>stat.</span> <span class='ocrx_word' id='word_1_25' title='bbox 168 1819 230 1840; x_wconf 78' lang='lat' dir='ltr'>dictis</span> <span class='ocrx_word' id='word_1_26' title='bbox 240 1820 302 1845; x_wconf 84' lang='lat' dir='ltr'>potti-</span> 
     </span>
     <span class='ocr_line' id='line_1_13' title="bbox 120 1846 301 1872; baseline 0.006 -5"><span class='ocrx_word' id='word_1_27' title='bbox 120 1846 164 1867; x_wconf 82' lang='lat' dir='ltr'>eeri</span> <span class='ocrx_word' id='word_1_28' title='bbox 174 1847 230 1872; x_wconf 87' lang='lat' dir='ltr'>quod</span> <span class='ocrx_word' id='word_1_29' title='bbox 241 1847 301 1868; x_wconf 79' lang='lat' dir='ltr'>sactis</span> 
     </span>
     <span class='ocr_line' id='line_1_14' title="bbox 119 1875 212 1899; baseline -0.011 -5"><span class='ocrx_word' id='word_1_30' title='bbox 119 1875 212 1899; x_wconf 70' lang='lat' dir='ltr'>negatur.</span> 
     </span>
    </p>
   </div>
   <div class='ocr_carea' id='block_1_5' title="bbox 924 227 1227 252">
    <p class='ocr_par' dir='ltr' id='par_1_5' title="bbox 924 227 1227 252">
     <span class='ocr_line' id='line_1_15' title="bbox 924 227 1227 252; baseline 0 0"><span class='ocrx_word' id='word_1_31' title='bbox 924 228 949 252; x_wconf 81' lang='lat' dir='ltr'>S.</span> <span class='ocrx_word' id='word_1_32' title='bbox 974 227 1126 252; x_wconf 73' lang='lat' dir='ltr'>GELASIUS</span> <span class='ocrx_word' id='word_1_33' title='bbox 1146 228 1156 252; x_wconf 90' lang='lat'>1</span> <span class='ocrx_word' id='word_1_34' title='bbox 1177 228 1227 252; x_wconf 87' lang='lat' dir='ltr'>PP.</span> 
     </span>
    </p>
   </div>
   <div class='ocr_carea' id='block_1_6' title="bbox 315 276 1081 2313">
    <p class='ocr_par' dir='ltr' id='par_1_6' title="bbox 315 276 1081 2313">
     <span class='ocr_line' id='line_1_16' title="bbox 318 276 1064 319; baseline -0.005 -6"><span class='ocrx_word' id='word_1_35' title='bbox 318 280 374 314; x_wconf 90' lang='lat' dir='ltr'>sed</span> <span class='ocrx_word' id='word_1_36' title='bbox 400 279 494 313; x_wconf 87' lang='lat' dir='ltr'>etiam</span> <span class='ocrx_word' id='word_1_37' title='bbox 522 278 731 312; x_wconf 87' lang='lat' dir='ltr'>orientalium</span> <span class='ocrx_word' id='word_1_38' title='bbox 761 277 931 319; x_wconf 73' lang='lat' dir='ltr'>regionum</span> <span class='ocrx_word' id='word_1_39' title='bbox 955 276 1064 309; x_wconf 82' lang='lat' dir='ltr'>catho-</span> 
     </span>
     <span class='ocr_line' id='line_1_17' title="bbox 317 329 1065 377; baseline -0.007 -10"><span class='ocrx_word' id='word_1_40' title='bbox 317 333 369 367; x_wconf 86' lang='lat' dir='ltr'>lici</span> <span class='ocrx_word' id='word_1_41' title='bbox 388 344 543 367; x_wconf 78' lang='lat' dir='ltr'>censuere</span> <span class='ocrx_word' id='word_1_42' title='bbox 565 332 744 377; x_wconf 82' lang='lat' dir='ltr'>pontifices.</span> <span class='ocrx_word' id='word_1_43' title='bbox 770 332 817 364; x_wconf 79' lang='lat' dir='ltr'>An</span> <span class='ocrx_word' id='word_1_44' title='bbox 835 332 964 363; x_wconf 82' lang='lat' dir='ltr'>Petrum</span> <span class='ocrx_word' id='word_1_45' title='bbox 988 329 1065 363; x_wconf 85' lang='lat' dir='ltr'>dici-</span> 
     </span>
     <span class='ocr_line' id='line_1_18' title="bbox 318 383 1063 432; baseline -0.008 -11"><span class='ocrx_word' id='word_1_46' title='bbox 318 388 356 421; x_wconf 89' lang='grc'>115</span> <span class='ocrx_word' id='word_1_47' title='bbox 384 388 482 421; x_wconf 83' lang='lat' dir='ltr'>fuisse</span> <span class='ocrx_word' id='word_1_48' title='bbox 512 392 704 432; x_wconf 72' lang='lat' dir='ltr'>purgatum,</span> <span class='ocrx_word' id='word_1_49' title='bbox 738 385 788 419; x_wconf 87' lang='lat' dir='ltr'>cui</span> <span class='ocrx_word' id='word_1_50' title='bbox 814 383 1063 418; x_wconf 71' lang='lat' dir='ltr'>communicavit</span> 
     </span>
     <span class='ocr_line' id='line_1_19' title="bbox 317 438 1060 475; baseline -0.007 0"><span class='ocrx_word' id='word_1_51' title='bbox 317 442 476 475; x_wconf 75' lang='lat' dir='ltr'>Acacius‘?</span> <span class='ocrx_word' id='word_1_52' title='bbox 508 441 598 474; x_wconf 73' lang='lat' dir='ltr'>Veris</span> <span class='ocrx_word' id='word_1_53' title='bbox 627 438 887 473; x_wconf 84' lang='lat' dir='ltr'>assertionibus¹</span> <span class='ocrx_word' id='word_1_54' title='bbox 915 438 1060 474; x_wconf 79' lang='lat' dir='ltr'>edocete,</span> 
     </span>
     <span class='ocr_line' id='line_1_20' title="bbox 317 491 1081 537; baseline -0.007 -9"><span class='ocrx_word' id='word_1_55' title='bbox 317 496 378 530; x_wconf 89' lang='lat' dir='ltr'>hoc</span> <span class='ocrx_word' id='word_1_56' title='bbox 400 495 570 535; x_wconf 85' lang='lat' dir='ltr'>ostendite,</span> <span class='ocrx_word' id='word_1_57' title='bbox 595 495 653 528; x_wconf 82' lang='lat' dir='ltr'>hoc</span> <span class='ocrx_word' id='word_1_58' title='bbox 681 493 838 537; x_wconf 76' lang='lat' dir='ltr'>probate,</span> <span class='ocrx_word' id='word_1_59' title='bbox 871 491 989 535; x_wconf 84' lang='lat' dir='ltr'>quibus</span> <span class='ocrx_word' id='word_1_60' title='bbox 1011 492 1081 524; x_wconf 71' lang='grc' dir='ltr'>111οἓ</span> 
     </span>
     <span class='ocr_line' id='line_1_21' title="bbox 317 540 1080 593; baseline -0.009 -10"><span class='ocrx_word' id='word_1_61' title='bbox 317 549 433 590; x_wconf 89' lang='lat' dir='ltr'>modis,</span> <span class='ocrx_word' id='word_1_62' title='bbox 455 549 572 593; x_wconf 88' lang='lat' dir='ltr'>quibus</span> <span class='ocrx_word' id='word_1_63' title='bbox 590 548 643 581; x_wconf 91' lang='lat' dir='ltr'>ille</span> <span class='ocrx_word' id='word_1_64' title='bbox 665 546 784 589; x_wconf 71' lang='lat' dir='ltr'>regulis</span> <span class='ocrx_word' id='word_1_65' title='bbox 805 545 844 577; x_wconf 87' lang='lat' dir='ltr'>ab</span> <span class='ocrx_word' id='word_1_66' title='bbox 866 540 1080 589; x_wconf 58' lang='lat' dir='ltr'>Eutychiana?</span> 
     </span>
     <span class='ocr_line' id='line_1_22' title="bbox 316 598 1079 646; baseline -0.009 -10"><span class='ocrx_word' id='word_1_67' title='bbox 316 602 413 636; x_wconf 88' lang='lat' dir='ltr'>suerit</span> <span class='ocrx_word' id='word_1_68' title='bbox 431 601 631 646; x_wconf 78' lang='lat' dir='ltr'>professione</span> <span class='ocrx_word' id='word_1_69' title='bbox 653 600 701 633; x_wconf 72' lang='lat' dir='ltr'>rel</span> <span class='ocrx_word' id='word_1_70' title='bbox 722 598 952 632; x_wconf 68' lang='lat' dir='ltr'>communnione</span> <span class='ocrx_word' id='word_1_71' title='bbox 968 608 1062 630; x_wconf 89' lang='grc'>1111111-</span> <span class='ocrx_word' id='word_1_72' title='bbox 1078 602 1079 615; x_wconf 66' lang='lat'>¹</span> 
     </span>
     <span class='ocr_line' id='line_1_23' title="bbox 316 651 1061 690; baseline -0.008 -1"><span class='ocrx_word' id='word_1_73' title='bbox 316 656 424 690; x_wconf 78' lang='lat' dir='ltr'>datus:</span> <span class='ocrx_word' id='word_1_74' title='bbox 458 660 493 688; x_wconf 89' lang='lat' dir='ltr'>ut</span> <span class='ocrx_word' id='word_1_75' title='bbox 525 665 598 688; x_wconf 86' lang='lat' dir='ltr'>cum</span> <span class='ocrx_word' id='word_1_76' title='bbox 631 653 662 687; x_wconf 93' lang='lat' dir='ltr'>id</span> <span class='ocrx_word' id='word_1_77' title='bbox 689 652 901 686; x_wconf 88' lang='lat' dir='ltr'>nihilominus</span> <span class='ocrx_word' id='word_1_78' title='bbox 923 651 1061 684; x_wconf 83' lang='lat' dir='ltr'>evidenti</span> 
     </span>
     <span class='ocr_line' id='line_1_24' title="bbox 315 705 1059 742; baseline -0.008 0"><span class='ocrx_word' id='word_1_79' title='bbox 315 720 422 742; x_wconf 87' lang='lat' dir='ltr'>rerum</span> <span class='ocrx_word' id='word_1_80' title='bbox 457 707 608 742; x_wconf 79' lang='lat' dir='ltr'>claruerit</span> <span class='ocrx_word' id='word_1_81' title='bbox 641 706 917 740; x_wconf 82' lang='lat' dir='ltr'>demonstratione</span> <span class='ocrx_word' id='word_1_82' title='bbox 948 705 1059 738; x_wconf 84' lang='lat' dir='ltr'>conri-</span> 
     </span>
     <span class='ocr_line' id='line_1_25' title="bbox 316 759 1059 806; baseline -0.005 -11"><span class='ocrx_word' id='word_1_83' title='bbox 316 768 414 802; x_wconf 90' lang='lat' dir='ltr'>ctum‚</span> <span class='ocrx_word' id='word_1_84' title='bbox 448 762 555 806; x_wconf 87' lang='lat' dir='ltr'>palam</span> <span class='ocrx_word' id='word_1_85' title='bbox 583 766 759 805; x_wconf 85' lang='lat' dir='ltr'>aperteque</span> <span class='ocrx_word' id='word_1_86' title='bbox 790 759 918 803; x_wconf 85' lang='lat' dir='ltr'>possitis</span> <span class='ocrx_word' id='word_1_87' title='bbox 943 759 1059 792; x_wconf 77' lang='lat' dir='ltr'>adver-</span> 
     </span>
     <span class='ocr_line' id='line_1_26' title="bbox 316 812 1061 857; baseline -0.007 -8"><span class='ocrx_word' id='word_1_88' title='bbox 316 822 394 857; x_wconf 82' lang='lat' dir='ltr'>tere,</span> <span class='ocrx_word' id='word_1_89' title='bbox 419 821 473 849; x_wconf 86' lang='lat' dir='ltr'>aut</span> <span class='ocrx_word' id='word_1_90' title='bbox 488 825 542 848; x_wconf 86' lang='lat' dir='ltr'>vos</span> <span class='ocrx_word' id='word_1_91' title='bbox 560 815 678 848; x_wconf 87' lang='lat' dir='ltr'>debere</span> <span class='ocrx_word' id='word_1_92' title='bbox 699 814 814 847; x_wconf 88' lang='lat' dir='ltr'>cedere</span> <span class='ocrx_word' id='word_1_93' title='bbox 843 812 980 853; x_wconf 75' lang='lat' dir='ltr'>veritati,</span> <span class='ocrx_word' id='word_1_94' title='bbox 1008 817 1061 845; x_wconf 88' lang='lat' dir='ltr'>aut</span> 
     </span>
     <span class='ocr_line' id='line_1_27' title="bbox 315 866 1078 903; baseline -0.005 0"><span class='ocrx_word' id='word_1_95' title='bbox 315 870 469 903; x_wconf 82' lang='lat' dir='ltr'>adversus</span> <span class='ocrx_word' id='word_1_96' title='bbox 482 869 565 902; x_wconf 89' lang='lat' dir='ltr'>hanc</span> <span class='ocrx_word' id='word_1_97' title='bbox 579 867 746 901; x_wconf 77' lang='lat' dir='ltr'>manifesta</span> <span class='ocrx_word' id='word_1_98' title='bbox 760 866 968 900; x_wconf 74' lang='lat' dir='ltr'>dimicatione</span> <span class='ocrx_word' id='word_1_99' title='bbox 985 876 1061 899; x_wconf 86' lang='lat' dir='ltr'>con·</span> <span class='ocrx_word' id='word_1_100' title='bbox 1076 878 1078 902; x_wconf 72' lang='grc'>1</span> 
     </span>
     <span class='ocr_line' id='line_1_28' title="bbox 316 920 1078 969; baseline -0.005 -13"><span class='ocrx_word' id='word_1_101' title='bbox 316 923 437 966; x_wconf 78' lang='lat' dir='ltr'>ssigere.</span> <span class='ocrx_word' id='word_1_102' title='bbox 451 923 515 956; x_wconf 80' lang='lat' dir='ltr'>Nec</span> <span class='ocrx_word' id='word_1_103' title='bbox 529 922 619 956; x_wconf 83' lang='lat' dir='ltr'>vobis</span> <span class='ocrx_word' id='word_1_104' title='bbox 636 920 860 956; x_wconf 79' lang='lat' dir='ltr'>blandiamini.</span> <span class='ocrx_word' id='word_1_105' title='bbox 875 920 950 964; x_wconf 88' lang='lat' dir='ltr'>quia</span> <span class='ocrx_word' id='word_1_106' title='bbox 962 920 1060 953; x_wconf 86' lang='lat' dir='ltr'>tidem</span> <span class='ocrx_word' id='word_1_107' title='bbox 1076 957 1078 969; x_wconf 55' lang='grc' dir='ltr'>Ι</span> 
     </span>
     <span class='ocr_line' id='line_1_29' title="bbox 316 972 1078 1020; baseline -0.005 -10"><span class='ocrx_word' id='word_1_108' title='bbox 316 977 508 1010; x_wconf 85' lang='lat' dir='ltr'>catholicam</span> <span class='ocrx_word' id='word_1_109' title='bbox 530 975 730 1020; x_wconf 81' lang='lat' dir='ltr'>profitemini</span> <span class='ocrx_word' id='word_1_110' title='bbox 748 984 803 1007; x_wconf 66' lang='lat' dir='ltr'>ros</span> <span class='ocrx_word' id='word_1_111' title='bbox 827 981 945 1014; x_wconf 86' lang='lat' dir='ltr'>tenere,</span> <span class='ocrx_word' id='word_1_112' title='bbox 964 973 1039 1017; x_wconf 89' lang='lat' dir='ltr'>quia</span> <span class='ocrx_word' id='word_1_113' title='bbox 1052 972 1078 989; x_wconf 72' lang='lat'>‘²&#39;</span> 
     </span>
     <span class='ocr_line' id='line_1_30' title="bbox 316 1027 1061 1075; baseline -0.007 -10"><span class='ocrx_word' id='word_1_114' title='bbox 316 1030 498 1075; x_wconf 65' lang='lat' dir='ltr'>Eutychetis</span> <span class='ocrx_word' id='word_1_115' title='bbox 528 1039 646 1063; x_wconf 87' lang='lat' dir='ltr'>nomen</span> <span class='ocrx_word' id='word_1_116' title='bbox 680 1027 845 1062; x_wconf 77' lang='lat' dir='ltr'>ademistis</span> <span class='ocrx_word' id='word_1_117' title='bbox 867 1027 892 1067; x_wconf 79' lang='lat'>³,</span> <span class='ocrx_word' id='word_1_118' title='bbox 925 1027 1000 1071; x_wconf 88' lang='lat' dir='ltr'>quia</span> <span class='ocrx_word' id='word_1_119' title='bbox 1025 1038 1061 1061; x_wconf 86' lang='lat' dir='ltr'>ea</span> 
     </span>
     <span class='ocr_line' id='line_1_31' title="bbox 317 1082 1062 1129; baseline -0.004 -12"><span class='ocrx_word' id='word_1_120' title='bbox 317 1085 410 1119; x_wconf 77' lang='lat' dir='ltr'>veluti</span> <span class='ocrx_word' id='word_1_121' title='bbox 432 1084 621 1129; x_wconf 83' lang='lat' dir='ltr'>praedicare</span> <span class='ocrx_word' id='word_1_122' title='bbox 636 1082 822 1123; x_wconf 71' lang='lat' dir='ltr'>videamini,</span> <span class='ocrx_word' id='word_1_123' title='bbox 847 1092 930 1125; x_wconf 88' lang='lat' dir='ltr'>quae</span> <span class='ocrx_word' id='word_1_124' title='bbox 950 1082 1062 1115; x_wconf 90' lang='lat' dir='ltr'>ortho-</span> 
     </span>
     <span class='ocr_line' id='line_1_32' title="bbox 317 1136 1060 1183; baseline -0.005 -10"><span class='ocrx_word' id='word_1_125' title='bbox 317 1139 397 1173; x_wconf 85' lang='lat' dir='ltr'>doxa</span> <span class='ocrx_word' id='word_1_126' title='bbox 414 1137 613 1183; x_wconf 85' lang='lat' dir='ltr'>praedicavit</span> <span class='ocrx_word' id='word_1_127' title='bbox 631 1136 816 1180; x_wconf 87' lang='lat' dir='ltr'>antiquitas.</span> <span class='ocrx_word' id='word_1_128' title='bbox 837 1136 955 1169; x_wconf 79' lang='lat' dir='ltr'>Clamat</span> <span class='ocrx_word' id='word_1_129' title='bbox 975 1136 1060 1169; x_wconf 88' lang='lat' dir='ltr'>enim</span> 
     </span>
     <span class='ocr_line' id='line_1_33' title="bbox 319 1188 1062 1233; baseline -0.007 -8"><span class='ocrx_word' id='word_1_130' title='bbox 319 1192 431 1226; x_wconf 73' lang='lat' dir='ltr'>nobis⁴</span> <span class='ocrx_word' id='word_1_131' title='bbox 451 1192 506 1224; x_wconf 90' lang='lat' dir='ltr'>illa</span> <span class='ocrx_word' id='word_1_132' title='bbox 532 1191 714 1233; x_wconf 72' lang='lat' dir='ltr'>evangelica</span> <span class='ocrx_word' id='word_1_133' title='bbox 727 1188 905 1223; x_wconf 87' lang='lat' dir='ltr'>sententia:</span> <span class='ocrx_word' id='word_1_134' title='bbox 926 1189 994 1223; x_wconf 71' lang='lat' dir='ltr'>Aa!</span> <span class='ocrx_word' id='word_1_135' title='bbox 1013 1191 1062 1232; x_wconf 76' lang='grc'>[11-</span> 
     </span>
     <span class='ocr_line' id='line_1_34' title="bbox 317 1243 1079 1286; baseline -0.004 -8"><span class='ocrx_word' id='word_1_136' title='bbox 317 1247 377 1278; x_wconf 73' lang='lat' dir='ltr'>cite</span> <span class='ocrx_word' id='word_1_137' title='bbox 386 1245 533 1278; x_wconf 77' lang='lat' dir='ltr'>arborem</span> <span class='ocrx_word' id='word_1_138' title='bbox 547 1245 674 1281; x_wconf 77' lang='lat' dir='ltr'>bonam,</span> <span class='ocrx_word' id='word_1_139' title='bbox 691 1248 718 1276; x_wconf 81' lang='lat' dir='ltr'>ct</span> <span class='ocrx_word' id='word_1_140' title='bbox 731 1244 854 1286; x_wconf 69' lang='lat' dir='ltr'>fructus</span> <span class='ocrx_word' id='word_1_141' title='bbox 866 1244 935 1275; x_wconf 76' lang='lat' dir='ltr'>cius</span> <span class='ocrx_word' id='word_1_142' title='bbox 953 1243 1060 1284; x_wconf 70' lang='lat' dir='ltr'>honos;</span> <span class='ocrx_word' id='word_1_143' title='bbox 1077 1245 1079 1257; x_wconf 68' lang='lat'><strong><em>⁹</em></strong></span> 
     </span>
     <span class='ocr_line' id='line_1_35' title="bbox 318 1288 1079 1342; baseline -0.007 -9"><span class='ocrx_word' id='word_1_144' title='bbox 318 1304 376 1333; x_wconf 78' lang='lat' dir='ltr'>aut</span> <span class='ocrx_word' id='word_1_145' title='bbox 396 1300 492 1342; x_wconf 76' lang='lat' dir='ltr'>facite</span> <span class='ocrx_word' id='word_1_146' title='bbox 510 1300 654 1332; x_wconf 75' lang='lat' dir='ltr'>arborem</span> <span class='ocrx_word' id='word_1_147' title='bbox 672 1298 807 1334; x_wconf 67' lang='lat' dir='ltr'>vistlam,</span> <span class='ocrx_word' id='word_1_148' title='bbox 819 1298 981 1340; x_wconf 69' lang='lat' dir='ltr'>etfmtclus</span> <span class='ocrx_word' id='word_1_149' title='bbox 994 1298 1062 1329; x_wconf 59' lang='lat' dir='ltr'>eins</span> <span class='ocrx_word' id='word_1_150' title='bbox 1077 1288 1079 1328; x_wconf 76' lang='lat' dir='ltr'>i</span> 
     </span>
     <span class='ocr_line' id='line_1_36' title="bbox 318 1352 1079 1396; baseline -0.004 -10"><span class='ocrx_word' id='word_1_151' title='bbox 318 1354 441 1394; x_wconf 78' lang='lat' dir='ltr'>malos,·</span> <span class='ocrx_word' id='word_1_152' title='bbox 463 1365 481 1386; x_wconf 78' lang='lat' dir='ltr'>a</span> <span class='ocrx_word' id='word_1_153' title='bbox 502 1353 660 1396; x_wconf 76' lang='lat' dir='ltr'>fructibus</span> <span class='ocrx_word' id='word_1_154' title='bbox 679 1352 766 1385; x_wconf 75' lang='lat' dir='ltr'>cuim</span> <span class='ocrx_word' id='word_1_155' title='bbox 786 1352 884 1384; x_wconf 78' lang='lat' dir='ltr'>arbor</span> <span class='ocrx_word' id='word_1_156' title='bbox 904 1353 1079 1394; x_wconf 53' lang='lat' dir='ltr'>connasci-¹</span> 
     </span>
     <span class='ocr_line' id='line_1_37' title="bbox 319 1405 1079 1449; baseline 0.001 -10"><span class='ocrx_word' id='word_1_157' title='bbox 319 1411 372 1440; x_wconf 78' lang='lat' dir='ltr'>tur</span> <span class='ocrx_word' id='word_1_158' title='bbox 391 1408 417 1446; x_wconf 53' lang='grc'>5,·</span> <span class='ocrx_word' id='word_1_159' title='bbox 441 1407 542 1447; x_wconf 86' lang='lat' dir='ltr'>idest,</span> <span class='ocrx_word' id='word_1_160' title='bbox 577 1406 602 1439; x_wconf 89' lang='lat' dir='ltr'>si</span> <span class='ocrx_word' id='word_1_161' title='bbox 635 1416 724 1447; x_wconf 69' lang='lat' dir='ltr'>voce,</span> <span class='ocrx_word' id='word_1_162' title='bbox 748 1405 772 1438; x_wconf 84' lang='lat' dir='ltr'>si</span> <span class='ocrx_word' id='word_1_163' title='bbox 795 1405 869 1445; x_wconf 79' lang='lat' dir='ltr'>side,</span> <span class='ocrx_word' id='word_1_164' title='bbox 893 1405 917 1438; x_wconf 92' lang='lat' dir='ltr'>si</span> <span class='ocrx_word' id='word_1_165' title='bbox 939 1406 1079 1449; x_wconf 65' lang='lat' dir='ltr'>profes-,</span> 
     </span>
     <span class='ocr_line' id='line_1_38' title="bbox 317 1459 1062 1503; baseline -0.003 -8"><span class='ocrx_word' id='word_1_166' title='bbox 317 1461 408 1496; x_wconf 90' lang='lat' dir='ltr'>sione</span> <span class='ocrx_word' id='word_1_167' title='bbox 426 1461 586 1495; x_wconf 83' lang='lat' dir='ltr'>catholica</span> <span class='ocrx_word' id='word_1_168' title='bbox 604 1465 631 1493; x_wconf 91' lang='lat' dir='ltr'>et</span> <span class='ocrx_word' id='word_1_169' title='bbox 651 1459 827 1503; x_wconf 81' lang='lat' dir='ltr'>apostolica</span> <span class='ocrx_word' id='word_1_170' title='bbox 854 1459 992 1492; x_wconf 82' lang='lat' dir='ltr'>fideliter</span> <span class='ocrx_word' id='word_1_171' title='bbox 1013 1471 1062 1493; x_wconf 72' lang='lat' dir='ltr'>vc-</span> 
     </span>
     <span class='ocr_line' id='line_1_39' title="bbox 317 1512 1061 1558; baseline -0.004 -10"><span class='ocrx_word' id='word_1_172' title='bbox 317 1515 500 1558; x_wconf 82' lang='lat' dir='ltr'>raciterque</span> <span class='ocrx_word' id='word_1_173' title='bbox 534 1513 732 1557; x_wconf 77' lang='lat' dir='ltr'>gloriamini,</span> <span class='ocrx_word' id='word_1_174' title='bbox 766 1512 861 1545; x_wconf 86' lang='lat' dir='ltr'>huius</span> <span class='ocrx_word' id='word_1_175' title='bbox 887 1512 947 1545; x_wconf 74' lang='grc' dir='ltr'>01ὓ</span> <span class='ocrx_word' id='word_1_176' title='bbox 975 1524 1061 1546; x_wconf 88' lang='lat' dir='ltr'>com-</span> 
     </span>
     <span class='ocr_line' id='line_1_40' title="bbox 317 1565 1058 1611; baseline -0.005 -10"><span class='ocrx_word' id='word_1_177' title='bbox 317 1568 507 1602; x_wconf 87' lang='lat' dir='ltr'>munionem</span> <span class='ocrx_word' id='word_1_178' title='bbox 520 1566 665 1611; x_wconf 83' lang='lat' dir='ltr'>recipite.</span> <span class='ocrx_word' id='word_1_179' title='bbox 678 1566 709 1599; x_wconf 82' lang='lat' dir='ltr'>Si</span> <span class='ocrx_word' id='word_1_180' title='bbox 720 1576 796 1599; x_wconf 74' lang='lat' dir='ltr'>vero</span> <span class='ocrx_word' id='word_1_181' title='bbox 807 1565 1011 1599; x_wconf 84' lang='lat' dir='ltr'>haereticoru</span> <span class='ocrx_word' id='word_1_182' title='bbox 1018 1577 1058 1607; x_wconf 85' lang='lat' dir='ltr'>m,</span> 
     </span>
     <span class='ocr_line' id='line_1_41' title="bbox 316 1619 1078 1661; baseline -0.004 -6"><span class='ocrx_word' id='word_1_183' title='bbox 316 1621 437 1655; x_wconf 84' lang='lat' dir='ltr'>scilicet</span> <span class='ocrx_word' id='word_1_184' title='bbox 450 1622 690 1661; x_wconf 88' lang='lat' dir='ltr'>damnatorum,</span> <span class='ocrx_word' id='word_1_185' title='bbox 712 1620 760 1653; x_wconf 69' lang='lat' dir='ltr'>vel</span> <span class='ocrx_word' id='word_1_186' title='bbox 778 1619 838 1660; x_wconf 82' lang='lat' dir='ltr'>his,</span> <span class='ocrx_word' id='word_1_187' title='bbox 862 1624 918 1652; x_wconf 85' lang='lat' dir='ltr'>aut</span> <span class='ocrx_word' id='word_1_188' title='bbox 933 1630 1060 1653; x_wconf 84' lang='lat' dir='ltr'>succes·</span> <span class='ocrx_word' id='word_1_189' title='bbox 1076 1623 1078 1647; x_wconf 81' lang='lat' dir='ltr'>t</span> 
     </span>
     <span class='ocr_line' id='line_1_42' title="bbox 316 1673 1061 1710; baseline -0.004 -1"><span class='ocrx_word' id='word_1_190' title='bbox 316 1675 443 1710; x_wconf 87' lang='lat' dir='ltr'>soribus</span> <span class='ocrx_word' id='word_1_191' title='bbox 474 1685 587 1709; x_wconf 89' lang='lat' dir='ltr'>eorum</span> <span class='ocrx_word' id='word_1_192' title='bbox 625 1673 937 1708; x_wconf 73' lang='lat' dir='ltr'>communicantium</span> <span class='ocrx_word' id='word_1_193' title='bbox 974 1684 1061 1706; x_wconf 85' lang='lat' dir='ltr'>com-</span> 
     </span>
     <span class='ocr_line' id='line_1_43' title="bbox 316 1727 1061 1773; baseline -0.004 -9"><span class='ocrx_word' id='word_1_194' title='bbox 316 1729 429 1764; x_wconf 84' lang='lat' dir='ltr'>munio</span> <span class='ocrx_word' id='word_1_195' title='bbox 459 1729 549 1763; x_wconf 84' lang='lat' dir='ltr'>vobis</span> <span class='ocrx_word' id='word_1_196' title='bbox 578 1729 693 1773; x_wconf 89' lang='lat' dir='ltr'>placet,</span> <span class='ocrx_word' id='word_1_197' title='bbox 727 1728 804 1772; x_wconf 91' lang='lat' dir='ltr'>quid</span> <span class='ocrx_word' id='word_1_198' title='bbox 836 1727 947 1761; x_wconf 75' lang='lat' dir='ltr'>statis‘?</span> <span class='ocrx_word' id='word_1_199' title='bbox 979 1727 1061 1767; x_wconf 82' lang='lat' dir='ltr'>Quid</span> 
     </span>
     <span class='ocr_line' id='line_1_44' title="bbox 317 1783 1078 1828; baseline -0.003 -10"><span class='ocrx_word' id='word_1_200' title='bbox 317 1783 585 1828; x_wconf 64' lang='lat' dir='ltr'>circumspicitis?</span> <span class='ocrx_word' id='word_1_201' title='bbox 616 1783 718 1817; x_wconf 82' lang='lat' dir='ltr'>Simul</span> <span class='ocrx_word' id='word_1_202' title='bbox 751 1788 781 1816; x_wconf 87' lang='lat' dir='ltr'>et</span> <span class='ocrx_word' id='word_1_203' title='bbox 812 1792 923 1815; x_wconf 85' lang='lat' dir='ltr'>eorum</span> <span class='ocrx_word' id='word_1_204' title='bbox 952 1788 1078 1826; x_wconf 69' lang='lat' dir='ltr'>aperte²</span> 
     </span>
     <span class='ocr_line' id='line_1_45' title="bbox 317 1836 1061 1882; baseline -0.005 -10"><span class='ocrx_word' id='word_1_205' title='bbox 317 1838 561 1882; x_wconf 70' lang='lat' dir='ltr'>manifesteque,</span> <span class='ocrx_word' id='word_1_206' title='bbox 591 1837 723 1870; x_wconf 86' lang='lat' dir='ltr'>remotis</span> <span class='ocrx_word' id='word_1_207' title='bbox 742 1836 926 1877; x_wconf 74' lang='lat' dir='ltr'>obstaculis,</span> <span class='ocrx_word' id='word_1_208' title='bbox 944 1836 1061 1879; x_wconf 68' lang='lat' dir='ltr'>dogma</span> 
     </span>
     <span class='ocr_line' id='line_1_46' title="bbox 318 1889 1062 1930; baseline -0.003 -5"><span class='ocrx_word' id='word_1_209' title='bbox 318 1891 490 1926; x_wconf 83' lang='lat' dir='ltr'>defendite.</span> <span class='ocrx_word' id='word_1_210' title='bbox 515 1890 597 1930; x_wconf 76' lang='lat' dir='ltr'>Quid</span> <span class='ocrx_word' id='word_1_211' title='bbox 617 1890 702 1923; x_wconf 88' lang='lat' dir='ltr'>enim</span> <span class='ocrx_word' id='word_1_212' title='bbox 725 1889 831 1922; x_wconf 61' lang='lat' dir='ltr'>iuvat?</span> <span class='ocrx_word' id='word_1_213' title='bbox 852 1890 919 1922; x_wconf 89' lang='lat' dir='ltr'>hno</span> <span class='ocrx_word' id='word_1_214' title='bbox 940 1894 969 1922; x_wconf 86' lang='lat' dir='ltr'>ct</span> <span class='ocrx_word' id='word_1_215' title='bbox 986 1890 1062 1923; x_wconf 88' lang='lat' dir='ltr'>satis</span> 
     </span>
     <span class='ocr_line' id='line_1_47' title="bbox 317 1933 1079 1989; baseline -0.005 -10"><span class='ocrx_word' id='word_1_216' title='bbox 317 1951 429 1989; x_wconf 73' lang='lat' dir='ltr'>gravat</span> <span class='ocrx_word' id='word_1_217' title='bbox 454 1945 548 1978; x_wconf 87' lang='lat' dir='ltr'>dictis</span> <span class='ocrx_word' id='word_1_218' title='bbox 580 1944 738 1989; x_wconf 80' lang='lat' dir='ltr'>polliceri,</span> <span class='ocrx_word' id='word_1_219' title='bbox 771 1944 857 1988; x_wconf 87' lang='lat' dir='ltr'>quod</span> <span class='ocrx_word' id='word_1_220' title='bbox 891 1943 980 1976; x_wconf 80' lang='lat' dir='ltr'>sactis</span> <span class='ocrx_word' id='word_1_221' title='bbox 1000 1933 1079 1988; x_wconf 60' lang='lat' dir='ltr'>tie-3}</span> 
     </span>
     <span class='ocr_line' id='line_1_48' title="bbox 318 1997 1079 2043; baseline 0 -10"><span class='ocrx_word' id='word_1_222' title='bbox 318 2006 423 2043; x_wconf 73' lang='lat' dir='ltr'>gatar,</span> <span class='ocrx_word' id='word_1_223' title='bbox 448 2006 481 2032; x_wconf 85' lang='lat' dir='ltr'>ut</span> <span class='ocrx_word' id='word_1_224' title='bbox 499 2009 563 2031; x_wconf 86' lang='lat' dir='ltr'>non</span> <span class='ocrx_word' id='word_1_225' title='bbox 584 1999 688 2031; x_wconf 89' lang='lat' dir='ltr'>solum</span> <span class='ocrx_word' id='word_1_226' title='bbox 711 1998 778 2041; x_wconf 85' lang='lat' dir='ltr'>ipsa</span> <span class='ocrx_word' id='word_1_227' title='bbox 796 2007 901 2041; x_wconf 80' lang='lat' dir='ltr'>perse</span> <span class='ocrx_word' id='word_1_228' title='bbox 922 1997 1079 2033; x_wconf 62' lang='lat' dir='ltr'>haeresis}</span> 
     </span>
     <span class='ocr_line' id='line_1_49' title="bbox 319 2050 1079 2098; baseline -0.004 -11"><span class='ocrx_word' id='word_1_229' title='bbox 319 2053 532 2098; x_wconf 70' lang='lat' dir='ltr'>Eutychiana,</span> <span class='ocrx_word' id='word_1_230' title='bbox 554 2062 651 2096; x_wconf 86' lang='lat' dir='ltr'>quam</span> <span class='ocrx_word' id='word_1_231' title='bbox 672 2051 712 2084; x_wconf 90' lang='lat' dir='ltr'>sit</span> <span class='ocrx_word' id='word_1_232' title='bbox 740 2052 865 2084; x_wconf 81' lang='lat' dir='ltr'>funesta</span> <span class='ocrx_word' id='word_1_233' title='bbox 886 2050 1079 2085; x_wconf 69' lang='lat' dir='ltr'>christiano.</span> 
     </span>
     <span class='ocr_line' id='line_1_50' title="bbox 318 2105 1062 2150; baseline -0.004 -9"><span class='ocrx_word' id='word_1_234' title='bbox 318 2112 532 2147; x_wconf 86' lang='lat' dir='ltr'>sacramento,</span> <span class='ocrx_word' id='word_1_235' title='bbox 543 2105 671 2150; x_wconf 78' lang='lat' dir='ltr'>possitis</span> <span class='ocrx_word' id='word_1_236' title='bbox 681 2115 866 2147; x_wconf 69' lang='lat' dir='ltr'>agnoscere,</span> <span class='ocrx_word' id='word_1_237' title='bbox 877 2105 933 2138; x_wconf 83' lang='lat' dir='ltr'>sed</span> <span class='ocrx_word' id='word_1_238' title='bbox 943 2111 1062 2148; x_wconf 86' lang='lat' dir='ltr'>quanta</span> 
     </span>
     <span class='ocr_line' id='line_1_51' title="bbox 319 2159 1063 2206; baseline -0.005 -11"><span class='ocrx_word' id='word_1_239' title='bbox 319 2168 350 2195; x_wconf 89' lang='lat' dir='ltr'>et</span> <span class='ocrx_word' id='word_1_240' title='bbox 367 2172 465 2206; x_wconf 87' lang='lat' dir='ltr'>quam</span> <span class='ocrx_word' id='word_1_241' title='bbox 487 2161 597 2203; x_wconf 71' lang='lat' dir='ltr'>gravia</span> <span class='ocrx_word' id='word_1_242' title='bbox 621 2159 762 2193; x_wconf 88' lang='lat' dir='ltr'>haeresis</span> <span class='ocrx_word' id='word_1_243' title='bbox 784 2160 843 2193; x_wconf 87' lang='lat' dir='ltr'>ista</span> <span class='ocrx_word' id='word_1_244' title='bbox 863 2160 895 2192; x_wconf 93' lang='grc'>111</span> <span class='ocrx_word' id='word_1_245' title='bbox 917 2159 965 2193; x_wconf 86' lang='grc'>5111</span> <span class='ocrx_word' id='word_1_246' title='bbox 984 2160 1063 2193; x_wconf 82' lang='lat' dir='ltr'>deti-</span> 
     </span>
     <span class='ocr_line' id='line_1_52' title="bbox 318 2214 1062 2257; baseline -0.001 -9"><span class='ocrx_word' id='word_1_247' title='bbox 318 2215 441 2249; x_wconf 89' lang='lat' dir='ltr'>nitione</span> <span class='ocrx_word' id='word_1_248' title='bbox 459 2214 631 2248; x_wconf 84' lang='lat' dir='ltr'>contineat.</span> <span class='ocrx_word' id='word_1_249' title='bbox 656 2214 736 2247; x_wconf 84' lang='lat' dir='ltr'>Ecce</span> <span class='ocrx_word' id='word_1_250' title='bbox 749 2214 788 2247; x_wconf 86' lang='lat' dir='ltr'>ad</span> <span class='ocrx_word' id='word_1_251' title='bbox 803 2224 884 2257; x_wconf 88' lang='lat' dir='ltr'>quae</span> <span class='ocrx_word' id='word_1_252' title='bbox 896 2223 1062 2257; x_wconf 69' lang='grc'>1105111110-</span> 
     </span>
     <span class='ocr_line' id='line_1_53' title="bbox 319 2267 1063 2313; baseline -0.003 -11"><span class='ocrx_word' id='word_1_253' title='bbox 319 2268 429 2313; x_wconf 84' lang='lat' dir='ltr'>cipitia</span> <span class='ocrx_word' id='word_1_254' title='bbox 454 2268 715 2302; x_wconf 85' lang='lat' dir='ltr'>condescendere</span> <span class='ocrx_word' id='word_1_255' title='bbox 732 2267 926 2311; x_wconf 86' lang='lat' dir='ltr'>provocatis,</span> <span class='ocrx_word' id='word_1_256' title='bbox 947 2267 1063 2311; x_wconf 83' lang='lat' dir='ltr'>atquc-⁷</span> 
     </span>
    </p>
   </div>
   <div class='ocr_carea' id='block_1_7' title="bbox 320 2365 1080 2601">
    <p class='ocr_par' dir='ltr' id='par_1_7' title="bbox 320 2365 1062 2436">
     <span class='ocr_line' id='line_1_54' title="bbox 356 2365 1062 2401; baseline -0.003 -7"><span class='ocrx_word' id='word_1_257' title='bbox 356 2368 367 2394; x_wconf 91' lang='lat'>1</span> <span class='ocrx_word' id='word_1_258' title='bbox 386 2367 442 2400; x_wconf 63' lang='lat' dir='ltr'>At„</span> <span class='ocrx_word' id='word_1_259' title='bbox 457 2366 528 2393; x_wconf 88' lang='lat' dir='ltr'>inter</span> <span class='ocrx_word' id='word_1_260' title='bbox 543 2373 610 2401; x_wconf 85' lang='lat' dir='ltr'>quos</span> <span class='ocrx_word' id='word_1_261' title='bbox 626 2365 767 2400; x_wconf 81' lang='lat' dir='ltr'>lIa1·duin.‚</span> <span class='ocrx_word' id='word_1_262' title='bbox 782 2365 841 2392; x_wconf 77' lang='lat'><em>1100</em></span> <span class='ocrx_word' id='word_1_263' title='bbox 856 2365 955 2393; x_wconf 73' lang='lat' dir='ltr'>vestris</span> <span class='ocrx_word' id='word_1_264' title='bbox 971 2373 1062 2393; x_wconf 74' lang='lat' dir='ltr'>asset·-</span> 
     </span>
     <span class='ocr_line' id='line_1_55' title="bbox 320 2408 456 2436; baseline 0 -2"><span class='ocrx_word' id='word_1_265' title='bbox 320 2408 456 2436; x_wconf 78' lang='lat' dir='ltr'>tionibus.</span> 
     </span>
    </p>

    <p class='ocr_par' dir='ltr' id='par_1_8' title="bbox 356 2446 599 2482">
     <span class='ocr_line' id='line_1_56' title="bbox 356 2446 599 2482; baseline -0.004 -8"><span class='ocrx_word' id='word_1_266' title='bbox 356 2447 372 2474; x_wconf 72' lang='lat'><strong>2</strong></span> <span class='ocrx_word' id='word_1_267' title='bbox 387 2447 438 2474; x_wconf 87' lang='lat' dir='ltr'>Cit.</span> <span class='ocrx_word' id='word_1_268' title='bbox 456 2446 515 2474; x_wconf 88' lang='lat' dir='ltr'>cod.</span> <span class='ocrx_word' id='word_1_269' title='bbox 538 2446 599 2482; x_wconf 76' lang='lat' dir='ltr'>qui.</span> 
     </span>
    </p>

    <p class='ocr_par' dir='ltr' id='par_1_9' title="bbox 356 2486 1080 2518">
     <span class='ocr_line' id='line_1_57' title="bbox 356 2486 1080 2518; baseline -0.008 -4"><span class='ocrx_word' id='word_1_270' title='bbox 356 2488 372 2514; x_wconf 84' lang='lat'>3</span> <span class='ocrx_word' id='word_1_271' title='bbox 387 2486 426 2514; x_wconf 74' lang='lat' dir='ltr'>At.</span> <span class='ocrx_word' id='word_1_272' title='bbox 444 2486 596 2514; x_wconf 74' lang='lat' dir='ltr'>abnuistis,</span> <span class='ocrx_word' id='word_1_273' title='bbox 1079 2512 1080 2518; x_wconf 14' lang='grc' dir='ltr'>ἵ</span> 
     </span>
    </p>

    <p class='ocr_par' dir='ltr' id='par_1_10' title="bbox 357 2525 1080 2561">
     <span class='ocr_line' id='line_1_58' title="bbox 357 2525 1080 2561; baseline -0.001 -8"><span class='ocrx_word' id='word_1_274' title='bbox 357 2528 372 2553; x_wconf 71' lang='grc' dir='ltr'>ι</span> <span class='ocrx_word' id='word_1_275' title='bbox 387 2527 427 2554; x_wconf 74' lang='lat' dir='ltr'>At.</span> <span class='ocrx_word' id='word_1_276' title='bbox 436 2535 496 2553; x_wconf 83' lang='lat' dir='ltr'>cum</span> <span class='ocrx_word' id='word_1_277' title='bbox 505 2526 549 2553; x_wconf 88' lang='lat' dir='ltr'>cit.</span> <span class='ocrx_word' id='word_1_278' title='bbox 558 2527 618 2554; x_wconf 86' lang='lat' dir='ltr'>cod.</span> <span class='ocrx_word' id='word_1_279' title='bbox 631 2526 718 2561; x_wconf 83' lang='lat' dir='ltr'>aptius</span> <span class='ocrx_word' id='word_1_280' title='bbox 727 2525 760 2552; x_wconf 89' lang='lat' dir='ltr'>ad</span> <span class='ocrx_word' id='word_1_281' title='bbox 771 2529 837 2553; x_wconf 83' lang='lat' dir='ltr'>orat.</span> <span class='ocrx_word' id='word_1_282' title='bbox 852 2529 968 2553; x_wconf 82' lang='lat' dir='ltr'>context.</span> <span class='ocrx_word' id='word_1_283' title='bbox 977 2526 1061 2553; x_wconf 73' lang='lat' dir='ltr'>vohis.</span> <span class='ocrx_word' id='word_1_284' title='bbox 1078 2542 1080 2560; x_wconf 41' lang='grc'>1</span> 
     </span>
    </p>

    <p class='ocr_par' dir='ltr' id='par_1_11' title="bbox 357 2565 1079 2601">
     <span class='ocr_line' id='line_1_59' title="bbox 357 2565 1079 2601; baseline -0.001 -8"><span class='ocrx_word' id='word_1_285' title='bbox 357 2567 374 2594; x_wconf 86' lang='grc'>5</span> <span class='ocrx_word' id='word_1_286' title='bbox 388 2566 480 2593; x_wconf 70' lang='lat' dir='ltr'>titatth.</span> <span class='ocrx_word' id='word_1_287' title='bbox 501 2573 550 2599; x_wconf 67' lang='grc' dir='ltr'>ΧΠ,</span> <span class='ocrx_word' id='word_1_288' title='bbox 565 2567 609 2599; x_wconf 88' lang='grc'>33,</span> <span class='ocrx_word' id='word_1_289' title='bbox 625 2566 670 2593; x_wconf 90' lang='lat' dir='ltr'>ubi</span> <span class='ocrx_word' id='word_1_290' title='bbox 686 2565 764 2601; x_wconf 82' lang='lat' dir='ltr'>Vulg.</span> <span class='ocrx_word' id='word_1_291' title='bbox 783 2566 836 2601; x_wconf 81' lang='lat' dir='ltr'>leg.</span> <span class='ocrx_word' id='word_1_292' title='bbox 852 2567 981 2600; x_wconf 75' lang='lat' dir='ltr'>fructum</span> <span class='ocrx_word' id='word_1_293' title='bbox 1002 2566 1064 2592; x_wconf 77' lang='lat' dir='ltr'>eius</span> <span class='ocrx_word' id='word_1_294' title='bbox 1078 2571 1079 2574; x_wconf 77' lang='grc'>’</span> 
     </span>
    </p>
   </div>
   <div class='ocr_carea' id='block_1_8' title="bbox 1080 301 1084 2634">
    <p class='ocr_par' dir='ltr' id='par_1_12' title="bbox 1080 301 1084 2634">
     <span class='ocr_line' id='line_1_60' title="bbox 1080 301 1084 2634; baseline 0 0"><span class='ocrx_word' id='word_1_295' title='bbox 1080 301 1084 2634; x_wconf 95' lang='lat' dir='ltr'> </span> 
     </span>
    </p>
   </div>
   <div class='ocr_carea' id='block_1_9' title="bbox 324 2600 1081 2682">
    <p class='ocr_par' dir='ltr' id='par_1_13' title="bbox 324 2600 1081 2682">
     <span class='ocr_line' id='line_1_61' title="bbox 324 2600 1081 2642; baseline 0 -9"><span class='ocrx_word' id='word_1_296' title='bbox 324 2606 445 2634; x_wconf 80' lang='lat' dir='ltr'>bonum:</span> <span class='ocrx_word' id='word_1_297' title='bbox 455 2610 481 2634; x_wconf 87' lang='lat' dir='ltr'>et</span> <span class='ocrx_word' id='word_1_298' title='bbox 496 2615 558 2635; x_wconf 78' lang='lat' dir='ltr'>mox</span> <span class='ocrx_word' id='word_1_299' title='bbox 569 2608 697 2642; x_wconf 78' lang='lat' dir='ltr'>fructum</span> <span class='ocrx_word' id='word_1_300' title='bbox 708 2606 769 2634; x_wconf 75' lang='lat' dir='ltr'>eius</span> <span class='ocrx_word' id='word_1_301' title='bbox 780 2605 911 2639; x_wconf 67' lang='lat' dir='ltr'>nvalum;</span> <span class='ocrx_word' id='word_1_302' title='bbox 922 2605 1064 2641; x_wconf 73' lang='lat' dir='ltr'>siquidem</span> <span class='ocrx_word' id='word_1_303' title='bbox 1080 2600 1081 2610; x_wconf 59' lang='lat'>¹</span> 
     </span>
     <span class='ocr_line' id='line_1_62' title="bbox 324 2648 480 2682; baseline 0.006 -9"><span class='ocrx_word' id='word_1_304' title='bbox 324 2655 360 2673; x_wconf 70' lang='lat' dir='ltr'>ex</span> <span class='ocrx_word' id='word_1_305' title='bbox 373 2648 480 2682; x_wconf 72' lang='lat' dir='ltr'>fructu.</span> 
     </span>
    </p>
   </div>
   <div class='ocr_carea' id='block_1_10' title="bbox 1095 217 1845 2148">
    <p class='ocr_par' dir='ltr' id='par_1_14' title="bbox 1749 217 1813 250">
     <span class='ocr_line' id='line_1_63' title="bbox 1749 217 1813 250; baseline 0 0"><span class='ocrx_word' id='word_1_306' title='bbox 1749 217 1813 250; x_wconf 65' lang='lat'>275</span> 
     </span>
    </p>

    <p class='ocr_par' dir='ltr' id='par_1_15' title="bbox 1095 274 1845 2148">
     <span class='ocr_line' id='line_1_64' title="bbox 1100 274 1844 320; baseline -0.001 -11"><span class='ocrx_word' id='word_1_307' title='bbox 1100 277 1139 309; x_wconf 89' lang='lat' dir='ltr'>ad</span> <span class='ocrx_word' id='word_1_308' title='bbox 1158 286 1240 320; x_wconf 87' lang='lat' dir='ltr'>quae</span> <span class='ocrx_word' id='word_1_309' title='bbox 1259 286 1318 309; x_wconf 87' lang='lat' dir='ltr'>nos</span> <span class='ocrx_word' id='word_1_310' title='bbox 1345 275 1427 309; x_wconf 76' lang='lat' dir='ltr'>vitae</span> <span class='ocrx_word' id='word_1_311' title='bbox 1454 280 1604 308; x_wconf 84' lang='lat' dir='ltr'>aeternae</span> <span class='ocrx_word' id='word_1_312' title='bbox 1625 274 1769 319; x_wconf 88' lang='lat' dir='ltr'>pericula</span> <span class='ocrx_word' id='word_1_313' title='bbox 1790 286 1844 308; x_wconf 83' lang='lat' dir='ltr'>cu·</span> 
     </span>
     <span class='ocr_line' id='line_1_65' title="bbox 1099 329 1845 373; baseline 0 -11"><span class='ocrx_word' id='word_1_314' title='bbox 1099 330 1171 373; x_wconf 87' lang='lat' dir='ltr'>pitis</span> <span class='ocrx_word' id='word_1_315' title='bbox 1193 330 1359 363; x_wconf 80' lang='lat' dir='ltr'>inclinare.</span> <span class='ocrx_word' id='word_1_316' title='bbox 1385 331 1449 363; x_wconf 86' lang='lat' dir='ltr'>lloc</span> <span class='ocrx_word' id='word_1_317' title='bbox 1472 330 1629 363; x_wconf 83' lang='lat' dir='ltr'>descensu</span> <span class='ocrx_word' id='word_1_318' title='bbox 1653 329 1776 362; x_wconf 75' lang='lat' dir='ltr'>salvare</span> <span class='ocrx_word' id='word_1_319' title='bbox 1798 336 1845 363; x_wconf 86' lang='lat' dir='ltr'>est</span> 
     </span>
     <span class='ocr_line' id='line_1_66' title="bbox 1098 383 1843 425; baseline -0.001 -10"><span class='ocrx_word' id='word_1_320' title='bbox 1098 389 1331 425; x_wconf 68' lang='lat' dir='ltr'>aegrotantem,</span> <span class='ocrx_word' id='word_1_321' title='bbox 1346 393 1386 416; x_wconf 88' lang='lat' dir='ltr'>an</span> <span class='ocrx_word' id='word_1_322' title='bbox 1398 394 1470 416; x_wconf 87' lang='lat' dir='ltr'>cum</span> <span class='ocrx_word' id='word_1_323' title='bbox 1482 383 1655 425; x_wconf 73' lang='lat' dir='ltr'>languente</span> <span class='ocrx_word' id='word_1_324' title='bbox 1674 383 1843 416; x_wconf 56' lang='lat' dir='ltr'>consumi?</span> 
     </span>
     <span class='ocr_line' id='line_1_67' title="bbox 1099 437 1840 481; baseline 0 -12"><span class='ocrx_word' id='word_1_325' title='bbox 1099 438 1181 470; x_wconf 81' lang='lat' dir='ltr'>llaec</span> <span class='ocrx_word' id='word_1_326' title='bbox 1209 437 1269 470; x_wconf 85' lang='lat' dir='ltr'>erit</span> <span class='ocrx_word' id='word_1_327' title='bbox 1289 438 1410 481; x_wconf 87' lang='lat' dir='ltr'>optima</span> <span class='ocrx_word' id='word_1_328' title='bbox 1437 437 1606 481; x_wconf 74' lang='lat' dir='ltr'>dispositio</span> <span class='ocrx_word' id='word_1_329' title='bbox 1628 437 1724 477; x_wconf 80' lang='grc'>1111115,</span> <span class='ocrx_word' id='word_1_330' title='bbox 1745 448 1840 480; x_wconf 86' lang='lat' dir='ltr'>quam</span> 
     </span>
     <span class='ocr_line' id='line_1_68' title="bbox 1099 490 1843 534; baseline 0.003 -13"><span class='ocrx_word' id='word_1_331' title='bbox 1099 500 1270 529; x_wconf 80' lang='lat' dir='ltr'>memoras,</span> <span class='ocrx_word' id='word_1_332' title='bbox 1295 491 1495 534; x_wconf 82' lang='lat' dir='ltr'>reparandae</span> <span class='ocrx_word' id='word_1_333' title='bbox 1516 490 1721 531; x_wconf 81' lang='lat' dir='ltr'>concordiae,</span> <span class='ocrx_word' id='word_1_334' title='bbox 1738 490 1843 523; x_wconf 88' lang='lat' dir='ltr'>anilla</span> 
     </span>
     <span class='ocr_line' id='line_1_69' title="bbox 1096 543 1839 588; baseline 0 -13"><span class='ocrx_word' id='word_1_335' title='bbox 1096 543 1215 586; x_wconf 81' lang='lat' dir='ltr'>potius,</span> <span class='ocrx_word' id='word_1_336' title='bbox 1240 549 1274 576; x_wconf 91' lang='lat' dir='ltr'>ut</span> <span class='ocrx_word' id='word_1_337' title='bbox 1297 544 1424 577; x_wconf 82' lang='lat' dir='ltr'>reiectis</span> <span class='ocrx_word' id='word_1_338' title='bbox 1449 544 1605 586; x_wconf 70' lang='lat' dir='ltr'>contagiis</span> <span class='ocrx_word' id='word_1_339' title='bbox 1626 544 1839 588; x_wconf 82' lang='lat' dir='ltr'>perfidorum,</span> 
     </span>
     <span class='ocr_line' id='line_1_70' title="bbox 1097 596 1842 641; baseline 0.001 -12"><span class='ocrx_word' id='word_1_340' title='bbox 1097 596 1221 640; x_wconf 71' lang='lat' dir='ltr'>integra</span> <span class='ocrx_word' id='word_1_341' title='bbox 1240 597 1313 637; x_wconf 83' lang='lat' dir='ltr'>side,</span> <span class='ocrx_word' id='word_1_342' title='bbox 1329 598 1455 631; x_wconf 80' lang='lat' dir='ltr'>sincera</span> <span class='ocrx_word' id='word_1_343' title='bbox 1472 598 1520 631; x_wconf 87' lang='lat' dir='ltr'>sui</span> <span class='ocrx_word' id='word_1_344' title='bbox 1541 597 1771 631; x_wconf 88' lang='lat' dir='ltr'>communione</span> <span class='ocrx_word' id='word_1_345' title='bbox 1785 608 1842 641; x_wconf 91' lang='lat' dir='ltr'>po-</span> 
     </span>
     <span class='ocr_line' id='line_1_71' title="bbox 1098 651 1842 695; baseline 0.001 -12"><span class='ocrx_word' id='word_1_346' title='bbox 1098 651 1195 685; x_wconf 87' lang='lat' dir='ltr'>tiatur</span> <span class='ocrx_word' id='word_1_347' title='bbox 1209 651 1397 685; x_wconf 90' lang='lat' dir='ltr'>communio</span> <span class='ocrx_word' id='word_1_348' title='bbox 1419 651 1578 684; x_wconf 75' lang='lat' dir='ltr'>catholica</span> <span class='ocrx_word' id='word_1_349' title='bbox 1597 657 1694 695; x_wconf 87' lang='lat' dir='ltr'>atque</span> <span class='ocrx_word' id='word_1_350' title='bbox 1713 657 1842 695; x_wconf 85' lang='lat' dir='ltr'>aposto-</span> 
     </span>
     <span class='ocr_line' id='line_1_72' title="bbox 1097 704 1841 748; baseline 0 -11"><span class='ocrx_word' id='word_1_351' title='bbox 1097 704 1167 745; x_wconf 80' lang='lat' dir='ltr'>lica,</span> <span class='ocrx_word' id='word_1_352' title='bbox 1191 715 1231 738; x_wconf 90' lang='lat' dir='ltr'>ne</span> <span class='ocrx_word' id='word_1_353' title='bbox 1246 705 1255 721; x_wconf 55' lang='grc' dir='ltr'>δ</span> <span class='ocrx_word' id='word_1_354' title='bbox 1273 705 1512 738; x_wconf 83' lang='lat' dir='ltr'>haereticorum</span> <span class='ocrx_word' id='word_1_355' title='bbox 1528 705 1600 738; x_wconf 86' lang='lat' dir='ltr'>tabe</span> <span class='ocrx_word' id='word_1_356' title='bbox 1618 705 1763 748; x_wconf 87' lang='lat' dir='ltr'>depulsa,</span> <span class='ocrx_word' id='word_1_357' title='bbox 1792 704 1841 737; x_wconf 88' lang='lat' dir='ltr'>in-</span> 
     </span>
     <span class='ocr_line' id='line_1_73' title="bbox 1098 758 1842 792; baseline 0 -2"><span class='ocrx_word' id='word_1_358' title='bbox 1098 764 1286 792; x_wconf 83' lang='lat' dir='ltr'>temeratam</span> <span class='ocrx_word' id='word_1_359' title='bbox 1321 769 1397 792; x_wconf 87' lang='lat' dir='ltr'>suae</span> <span class='ocrx_word' id='word_1_360' title='bbox 1422 758 1498 791; x_wconf 82' lang='lat' dir='ltr'>fidei</span> <span class='ocrx_word' id='word_1_361' title='bbox 1536 758 1771 791; x_wconf 81' lang='lat' dir='ltr'>consessionem</span> <span class='ocrx_word' id='word_1_362' title='bbox 1792 758 1842 790; x_wconf 91' lang='lat' dir='ltr'>ni—</span> 
     </span>
     <span class='ocr_line' id='line_1_74' title="bbox 1097 811 1843 855; baseline -0.001 -11"><span class='ocrx_word' id='word_1_363' title='bbox 1097 817 1181 845; x_wconf 85' lang='lat' dir='ltr'>tatur</span> <span class='ocrx_word' id='word_1_364' title='bbox 1202 812 1385 849; x_wconf 76' lang='lat' dir='ltr'>adstruere,</span> <span class='ocrx_word' id='word_1_365' title='bbox 1416 818 1512 855; x_wconf 88' lang='lat' dir='ltr'>atque</span> <span class='ocrx_word' id='word_1_366' title='bbox 1544 811 1681 844; x_wconf 79' lang='lat' dir='ltr'>invicem</span> <span class='ocrx_word' id='word_1_367' title='bbox 1714 811 1843 844; x_wconf 87' lang='lat' dir='ltr'>sibimet</span> 
     </span>
     <span class='ocr_line' id='line_1_75' title="bbox 1095 864 1842 908; baseline -0.003 -9"><span class='ocrx_word' id='word_1_368' title='bbox 1095 866 1305 908; x_wconf 73' lang='lat' dir='ltr'>congruentis</span> <span class='ocrx_word' id='word_1_369' title='bbox 1318 866 1518 898; x_wconf 81' lang='lat' dir='ltr'>orthodoxae</span> <span class='ocrx_word' id='word_1_370' title='bbox 1532 864 1741 908; x_wconf 80' lang='lat' dir='ltr'>professionis</span> <span class='ocrx_word' id='word_1_371' title='bbox 1755 875 1842 898; x_wconf 85' lang='lat' dir='ltr'>com-</span> 
     </span>
     <span class='ocr_line' id='line_1_76' title="bbox 1096 918 1842 962; baseline 0 -11"><span class='ocrx_word' id='word_1_372' title='bbox 1096 918 1323 962; x_wconf 86' lang='lat' dir='ltr'>munionisque</span> <span class='ocrx_word' id='word_1_373' title='bbox 1344 918 1383 951; x_wconf 86' lang='lat' dir='ltr'>sit</span> <span class='ocrx_word' id='word_1_374' title='bbox 1404 918 1509 951; x_wconf 86' lang='lat' dir='ltr'>unitas</span> <span class='ocrx_word' id='word_1_375' title='bbox 1521 920 1535 950; x_wconf 66' lang='grc' dir='ltr'>ἱ)</span> <span class='ocrx_word' id='word_1_376' title='bbox 1550 919 1638 950; x_wconf 85' lang='lat' dir='ltr'>llanc</span> <span class='ocrx_word' id='word_1_377' title='bbox 1656 918 1842 961; x_wconf 84' lang='lat' dir='ltr'>(sicutdile-</span> 
     </span>
     <span class='ocr_line' id='line_1_77' title="bbox 1095 971 1842 1012; baseline -0.003 -7"><span class='ocrx_word' id='word_1_378' title='bbox 1095 972 1211 1005; x_wconf 84' lang='lat' dir='ltr'>ctionis</span> <span class='ocrx_word' id='word_1_379' title='bbox 1244 978 1315 1004; x_wconf 87' lang='lat' dir='ltr'>tuae</span> <span class='ocrx_word' id='word_1_380' title='bbox 1346 971 1471 1004; x_wconf 85' lang='lat' dir='ltr'>litterae</span> <span class='ocrx_word' id='word_1_381' title='bbox 1500 971 1730 1012; x_wconf 81' lang='lat' dir='ltr'>cohortantur)</span> <span class='ocrx_word' id='word_1_382' title='bbox 1762 971 1842 1003; x_wconf 88' lang='lat' dir='ltr'>meis</span> 
     </span>
     <span class='ocr_line' id='line_1_78' title="bbox 1095 1024 1842 1070; baseline 0 -12"><span class='ocrx_word' id='word_1_383' title='bbox 1095 1036 1225 1070; x_wconf 88' lang='lat' dir='ltr'>quoque</span> <span class='ocrx_word' id='word_1_384' title='bbox 1246 1025 1447 1069; x_wconf 80' lang='lat' dir='ltr'>temporibus</span> <span class='ocrx_word' id='word_1_385' title='bbox 1472 1024 1640 1065; x_wconf 75' lang='lat' dir='ltr'>custodiri,</span> <span class='ocrx_word' id='word_1_386' title='bbox 1669 1035 1734 1068; x_wconf 88' lang='lat' dir='ltr'>qua</span> <span class='ocrx_word' id='word_1_387' title='bbox 1751 1025 1842 1058; x_wconf 85' lang='lat' dir='ltr'>valeo</span> 
     </span>
     <span class='ocr_line' id='line_1_79' title="bbox 1095 1079 1841 1125; baseline -0.004 -12"><span class='ocrx_word' id='word_1_388' title='bbox 1095 1091 1190 1125; x_wconf 81' lang='lat' dir='ltr'>prece</span> <span class='ocrx_word' id='word_1_389' title='bbox 1216 1081 1378 1124; x_wconf 85' lang='lat' dir='ltr'>deposco,</span> <span class='ocrx_word' id='word_1_390' title='bbox 1413 1090 1494 1123; x_wconf 88' lang='lat' dir='ltr'>quae</span> <span class='ocrx_word' id='word_1_391' title='bbox 1522 1089 1581 1122; x_wconf 89' lang='lat' dir='ltr'>pcr</span> <span class='ocrx_word' id='word_1_392' title='bbox 1610 1084 1654 1112; x_wconf 88' lang='lat' dir='ltr'>tot</span> <span class='ocrx_word' id='word_1_393' title='bbox 1673 1089 1775 1112; x_wconf 87' lang='lat' dir='ltr'>annos</span> <span class='ocrx_word' id='word_1_394' title='bbox 1802 1079 1841 1111; x_wconf 89' lang='lat' dir='ltr'>ab</span> 
     </span>
     <span class='ocr_line' id='line_1_80' title="bbox 1096 1132 1838 1176; baseline -0.001 -9"><span class='ocrx_word' id='word_1_395' title='bbox 1096 1135 1158 1167; x_wconf 90' lang='lat' dir='ltr'>illis</span> <span class='ocrx_word' id='word_1_396' title='bbox 1190 1134 1338 1167; x_wconf 84' lang='lat' dir='ltr'>Patribus</span> <span class='ocrx_word' id='word_1_397' title='bbox 1368 1133 1518 1176; x_wconf 71' lang='lat' dir='ltr'>gloriosis</span> <span class='ocrx_word' id='word_1_398' title='bbox 1548 1132 1670 1165; x_wconf 86' lang='lat' dir='ltr'>illibata</span> <span class='ocrx_word' id='word_1_399' title='bbox 1702 1132 1838 1166; x_wconf 80' lang='lat' dir='ltr'>intacta-</span> 
     </span>
     <span class='ocr_line' id='line_1_81' title="bbox 1096 1186 1842 1232; baseline -0.001 -11"><span class='ocrx_word' id='word_1_400' title='bbox 1096 1189 1323 1232; x_wconf 67' lang='lat' dir='ltr'>que⁰servata</span> <span class='ocrx_word' id='word_1_401' title='bbox 1349 1192 1405 1220; x_wconf 88' lang='lat' dir='ltr'>est.</span> <span class='ocrx_word' id='word_1_402' title='bbox 1436 1187 1522 1220; x_wconf 86' lang='lat' dir='ltr'>Ilaec</span> <span class='ocrx_word' id='word_1_403' title='bbox 1551 1186 1638 1219; x_wconf 88' lang='lat' dir='ltr'>enim</span> <span class='ocrx_word' id='word_1_404' title='bbox 1667 1191 1728 1226; x_wconf 82' lang='lat' dir='ltr'>est,</span> <span class='ocrx_word' id='word_1_405' title='bbox 1760 1186 1842 1220; x_wconf 88' lang='lat' dir='ltr'>sicut</span> 
     </span>
     <span class='ocr_line' id='line_1_82' title="bbox 1097 1240 1841 1286; baseline -0.004 -11"><span class='ocrx_word' id='word_1_406' title='bbox 1097 1242 1163 1286; x_wconf 85' lang='lat' dir='ltr'>ipse</span> <span class='ocrx_word' id='word_1_407' title='bbox 1185 1241 1275 1282; x_wconf 83' lang='lat' dir='ltr'>dicis,</span> <span class='ocrx_word' id='word_1_408' title='bbox 1293 1251 1390 1285; x_wconf 89' lang='lat' dir='ltr'>quam</span> <span class='ocrx_word' id='word_1_409' title='bbox 1412 1241 1495 1274; x_wconf 88' lang='lat' dir='ltr'>Deus</span> <span class='ocrx_word' id='word_1_410' title='bbox 1512 1245 1622 1274; x_wconf 88' lang='lat' dir='ltr'>noster</span> <span class='ocrx_word' id='word_1_411' title='bbox 1636 1240 1674 1273; x_wconf 87' lang='lat' dir='ltr'>dc</span> <span class='ocrx_word' id='word_1_412' title='bbox 1689 1240 1841 1273; x_wconf 86' lang='lat' dir='ltr'>omnibus</span> 
     </span>
     <span class='ocr_line' id='line_1_83' title="bbox 1096 1294 1837 1334; baseline -0.003 -6"><span class='ocrx_word' id='word_1_413' title='bbox 1096 1296 1177 1328; x_wconf 88' lang='lat' dir='ltr'>bene</span> <span class='ocrx_word' id='word_1_414' title='bbox 1205 1296 1357 1334; x_wconf 88' lang='lat' dir='ltr'>futuram,</span> <span class='ocrx_word' id='word_1_415' title='bbox 1391 1299 1421 1327; x_wconf 87' lang='lat' dir='ltr'>ct</span> <span class='ocrx_word' id='word_1_416' title='bbox 1440 1294 1619 1327; x_wconf 86' lang='lat' dir='ltr'>secundum</span> <span class='ocrx_word' id='word_1_417' title='bbox 1641 1304 1733 1327; x_wconf 88' lang='lat' dir='ltr'>suam</span> <span class='ocrx_word' id='word_1_418' title='bbox 1752 1294 1837 1327; x_wconf 82' lang='lat' dir='ltr'>veri-</span> 
     </span>
     <span class='ocr_line' id='line_1_84' title="bbox 1097 1348 1837 1391; baseline -0.003 -9"><span class='ocrx_word' id='word_1_419' title='bbox 1097 1356 1192 1383; x_wconf 87' lang='lat' dir='ltr'>tatem</span> <span class='ocrx_word' id='word_1_420' title='bbox 1214 1354 1242 1382; x_wconf 88' lang='lat' dir='ltr'>et</span> <span class='ocrx_word' id='word_1_421' title='bbox 1264 1349 1408 1391; x_wconf 68' lang='lat' dir='ltr'>regulam</span> <span class='ocrx_word' id='word_1_422' title='bbox 1424 1348 1667 1391; x_wconf 76' lang='lat' dir='ltr'>gubernandam</span> <span class='ocrx_word' id='word_1_423' title='bbox 1691 1353 1721 1380; x_wconf 90' lang='lat' dir='ltr'>et</span> <span class='ocrx_word' id='word_1_424' title='bbox 1742 1358 1837 1391; x_wconf 85' lang='lat' dir='ltr'>prae-</span> 
     </span>
     <span class='ocr_line' id='line_1_85' title="bbox 1096 1401 1841 1445; baseline -0.003 -8"><span class='ocrx_word' id='word_1_425' title='bbox 1096 1404 1180 1437; x_wconf 83' lang='lat' dir='ltr'>scius</span> <span class='ocrx_word' id='word_1_426' title='bbox 1201 1409 1275 1436; x_wconf 85' lang='lat' dir='ltr'>ante</span> <span class='ocrx_word' id='word_1_427' title='bbox 1302 1402 1479 1443; x_wconf 81' lang='lat' dir='ltr'>constituit,</span> <span class='ocrx_word' id='word_1_428' title='bbox 1504 1407 1535 1435; x_wconf 88' lang='lat' dir='ltr'>et</span> <span class='ocrx_word' id='word_1_429' title='bbox 1554 1401 1688 1444; x_wconf 78' lang='lat' dir='ltr'>singulis</span> <span class='ocrx_word' id='word_1_430' title='bbox 1709 1401 1841 1445; x_wconf 86' lang='lat' dir='ltr'>quibus-</span> 
     </span>
     <span class='ocr_line' id='line_1_86' title="bbox 1096 1455 1838 1502; baseline -0.001 -13"><span class='ocrx_word' id='word_1_431' title='bbox 1096 1469 1158 1502; x_wconf 87' lang='lat' dir='ltr'>que</span> <span class='ocrx_word' id='word_1_432' title='bbox 1184 1457 1384 1501; x_wconf 79' lang='lat' dir='ltr'>temporibus</span> <span class='ocrx_word' id='word_1_433' title='bbox 1410 1467 1467 1489; x_wconf 91' lang='lat' dir='ltr'>sua</span> <span class='ocrx_word' id='word_1_434' title='bbox 1492 1455 1702 1500; x_wconf 85' lang='lat' dir='ltr'>dispositione</span> <span class='ocrx_word' id='word_1_435' title='bbox 1724 1466 1838 1489; x_wconf 90' lang='lat' dir='ltr'>conve-</span> 
     </span>
     <span class='ocr_line' id='line_1_87' title="bbox 1096 1509 1835 1555; baseline -0.005 -10"><span class='ocrx_word' id='word_1_436' title='bbox 1096 1512 1222 1545; x_wconf 84' lang='lat' dir='ltr'>nienter</span> <span class='ocrx_word' id='word_1_437' title='bbox 1243 1510 1371 1555; x_wconf 81' lang='lat' dir='ltr'>aptavit.</span> <span class='ocrx_word' id='word_1_438' title='bbox 1404 1511 1489 1543; x_wconf 87' lang='lat' dir='ltr'>llaec</span> <span class='ocrx_word' id='word_1_439' title='bbox 1518 1515 1565 1543; x_wconf 86' lang='lat' dir='ltr'>est</span> <span class='ocrx_word' id='word_1_440' title='bbox 1593 1510 1741 1542; x_wconf 84' lang='lat' dir='ltr'>voluntas</span> <span class='ocrx_word' id='word_1_441' title='bbox 1758 1509 1835 1547; x_wconf 81' lang='lat' dir='ltr'>Dei,</span> 
     </span>
     <span class='ocr_line' id='line_1_88' title="bbox 1095 1564 1839 1607; baseline -0.003 -8"><span class='ocrx_word' id='word_1_442' title='bbox 1095 1566 1186 1599; x_wconf 85' lang='lat' dir='ltr'>cuius</span> <span class='ocrx_word' id='word_1_443' title='bbox 1216 1571 1249 1598; x_wconf 89' lang='grc'>111</span> <span class='ocrx_word' id='word_1_444' title='bbox 1279 1565 1398 1607; x_wconf 75' lang='lat' dir='ltr'>ingeris</span> <span class='ocrx_word' id='word_1_445' title='bbox 1423 1564 1640 1604; x_wconf 88' lang='lat' dir='ltr'>mentionem,</span> <span class='ocrx_word' id='word_1_446' title='bbox 1662 1574 1759 1607; x_wconf 87' lang='lat' dir='ltr'>quam</span> <span class='ocrx_word' id='word_1_447' title='bbox 1781 1574 1839 1606; x_wconf 73' lang='lat' dir='ltr'>ego</span> 
     </span>
     <span class='ocr_line' id='line_1_89' title="bbox 1095 1618 1840 1664; baseline -0.004 -11"><span class='ocrx_word' id='word_1_448' title='bbox 1095 1631 1226 1664; x_wconf 84' lang='lat' dir='ltr'>quoque</span> <span class='ocrx_word' id='word_1_449' title='bbox 1240 1630 1299 1664; x_wconf 92' lang='lat' dir='ltr'>pro</span> <span class='ocrx_word' id='word_1_450' title='bbox 1315 1629 1386 1652; x_wconf 92' lang='lat' dir='ltr'>meo</span> <span class='ocrx_word' id='word_1_451' title='bbox 1402 1619 1545 1659; x_wconf 89' lang='lat' dir='ltr'>modulo,</span> <span class='ocrx_word' id='word_1_452' title='bbox 1570 1629 1667 1662; x_wconf 85' lang='lat' dir='ltr'>quem</span> <span class='ocrx_word' id='word_1_453' title='bbox 1685 1618 1840 1651; x_wconf 87' lang='lat' dir='ltr'>Dominus</span> 
     </span>
     <span class='ocr_line' id='line_1_90' title="bbox 1096 1671 1837 1716; baseline -0.003 -9"><span class='ocrx_word' id='word_1_454' title='bbox 1096 1675 1216 1707; x_wconf 86' lang='lat' dir='ltr'>donare</span> <span class='ocrx_word' id='word_1_455' title='bbox 1229 1674 1379 1716; x_wconf 74' lang='lat' dir='ltr'>dignatur</span> <span class='ocrx_word' id='word_1_456' title='bbox 1393 1672 1424 1713; x_wconf 84' lang='lat'>¹⁰,</span> <span class='ocrx_word' id='word_1_457' title='bbox 1438 1672 1533 1716; x_wconf 91' lang='lat' dir='ltr'>cupio</span> <span class='ocrx_word' id='word_1_458' title='bbox 1547 1682 1679 1716; x_wconf 89' lang='lat' dir='ltr'>prorsus</span> <span class='ocrx_word' id='word_1_459' title='bbox 1690 1671 1837 1715; x_wconf 85' lang='lat' dir='ltr'>implere,</span> 
     </span>
     <span class='ocr_line' id='line_1_91' title="bbox 1095 1725 1841 1761; baseline -0.005 0"><span class='ocrx_word' id='word_1_460' title='bbox 1095 1733 1129 1761; x_wconf 90' lang='lat' dir='ltr'>ut</span> <span class='ocrx_word' id='word_1_461' title='bbox 1149 1738 1213 1761; x_wconf 91' lang='lat' dir='ltr'>non</span> <span class='ocrx_word' id='word_1_462' title='bbox 1235 1738 1308 1760; x_wconf 89' lang='lat' dir='ltr'>reus</span> <span class='ocrx_word' id='word_1_463' title='bbox 1328 1727 1367 1760; x_wconf 91' lang='lat' dir='ltr'>de</span> <span class='ocrx_word' id='word_1_464' title='bbox 1381 1726 1475 1759; x_wconf 86' lang='lat' dir='ltr'>huius</span> <span class='ocrx_word' id='word_1_465' title='bbox 1491 1725 1600 1759; x_wconf 89' lang='lat' dir='ltr'>talenti</span> <span class='ocrx_word' id='word_1_466' title='bbox 1622 1725 1770 1759; x_wconf 82' lang='lat' dir='ltr'>eoelestis</span> <span class='ocrx_word' id='word_1_467' title='bbox 1795 1725 1841 1758; x_wconf 90' lang='lat' dir='ltr'>di-</span> 
     </span>
     <span class='ocr_line' id='line_1_92' title="bbox 1097 1778 1840 1825; baseline -0.004 -11"><span class='ocrx_word' id='word_1_468' title='bbox 1097 1781 1275 1814; x_wconf 88' lang='lat' dir='ltr'>minutione</span> <span class='ocrx_word' id='word_1_469' title='bbox 1308 1780 1472 1825; x_wconf 68' lang='lat' dir='ltr'>reperim-3</span> <span class='ocrx_word' id='word_1_470' title='bbox 1499 1780 1555 1813; x_wconf 91' lang='lat' dir='ltr'>sed</span> <span class='ocrx_word' id='word_1_471' title='bbox 1582 1779 1613 1812; x_wconf 92' lang='lat' dir='ltr'>in</span> <span class='ocrx_word' id='word_1_472' title='bbox 1638 1778 1700 1812; x_wconf 87' lang='lat' dir='ltr'>hoe</span> <span class='ocrx_word' id='word_1_473' title='bbox 1722 1779 1840 1812; x_wconf 86' lang='lat' dir='ltr'>talento</span> 
     </span>
     <span class='ocr_line' id='line_1_93' title="bbox 1096 1831 1841 1879; baseline -0.005 -10"><span class='ocrx_word' id='word_1_474' title='bbox 1096 1836 1188 1879; x_wconf 74' lang='lat' dir='ltr'>(sicut</span> <span class='ocrx_word' id='word_1_475' title='bbox 1211 1835 1278 1879; x_wconf 86' lang='lat' dir='ltr'>ipse</span> <span class='ocrx_word' id='word_1_476' title='bbox 1295 1845 1424 1879; x_wconf 87' lang='lat' dir='ltr'>quoque</span> <span class='ocrx_word' id='word_1_477' title='bbox 1445 1844 1504 1867; x_wconf 89' lang='lat' dir='ltr'>nos</span> <span class='ocrx_word' id='word_1_478' title='bbox 1523 1834 1676 1867; x_wconf 85' lang='lat' dir='ltr'>admonet</span> <span class='ocrx_word' id='word_1_479' title='bbox 1690 1831 1722 1875; x_wconf 70' lang='lat' dir='ltr'>n)</span> <span class='ocrx_word' id='word_1_480' title='bbox 1737 1833 1841 1866; x_wconf 85' lang='lat' dir='ltr'>inere-</span> 
     </span>
     <span class='ocr_line' id='line_1_94' title="bbox 1097 1886 1838 1931; baseline -0.005 -9"><span class='ocrx_word' id='word_1_481' title='bbox 1097 1895 1240 1923; x_wconf 84' lang='lat' dir='ltr'>mentum</span> <span class='ocrx_word' id='word_1_482' title='bbox 1259 1888 1372 1922; x_wconf 85' lang='lat' dir='ltr'>Christi</span> <span class='ocrx_word' id='word_1_483' title='bbox 1385 1887 1487 1931; x_wconf 73' lang='lat' dir='ltr'>gratia</span> <span class='ocrx_word' id='word_1_484' title='bbox 1499 1886 1520 1904; x_wconf 68' lang='lat'>¹²</span> <span class='ocrx_word' id='word_1_485' title='bbox 1533 1887 1661 1931; x_wconf 89' lang='lat' dir='ltr'>postulo</span> <span class='ocrx_word' id='word_1_486' title='bbox 1674 1886 1838 1930; x_wconf 86' lang='lat' dir='ltr'>consequi,</span> 
     </span>
     <span class='ocr_line' id='line_1_95' title="bbox 1096 1939 1836 1986; baseline -0.005 -10"><span class='ocrx_word' id='word_1_487' title='bbox 1096 1949 1123 1976; x_wconf 88' lang='lat' dir='ltr'>et</span> <span class='ocrx_word' id='word_1_488' title='bbox 1150 1943 1275 1975; x_wconf 87' lang='lat' dir='ltr'>nullum</span> <span class='ocrx_word' id='word_1_489' title='bbox 1289 1952 1422 1986; x_wconf 87' lang='lat' dir='ltr'>prorsus</span> <span class='ocrx_word' id='word_1_490' title='bbox 1435 1941 1580 1974; x_wconf 83' lang='lat' dir='ltr'>incidere</span> <span class='ocrx_word' id='word_1_491' title='bbox 1594 1939 1836 1974; x_wconf 85' lang='lat' dir='ltr'>detrimentum.</span> 
     </span>
     <span class='ocr_line' id='line_1_96' title="bbox 1096 1994 1840 2040; baseline -0.005 -10"><span class='ocrx_word' id='word_1_492' title='bbox 1096 1997 1175 2030; x_wconf 86' lang='lat' dir='ltr'>llinc</span> <span class='ocrx_word' id='word_1_493' title='bbox 1202 2002 1248 2029; x_wconf 89' lang='lat' dir='ltr'>est</span> <span class='ocrx_word' id='word_1_494' title='bbox 1273 1996 1360 2040; x_wconf 84' lang='lat' dir='ltr'>quod</span> <span class='ocrx_word' id='word_1_495' title='bbox 1380 1995 1545 2039; x_wconf 88' lang='lat' dir='ltr'>prioribus</span> <span class='ocrx_word' id='word_1_496' title='bbox 1567 1994 1747 2028; x_wconf 89' lang='lat' dir='ltr'>dilectionis</span> <span class='ocrx_word' id='word_1_497' title='bbox 1770 2000 1840 2027; x_wconf 87' lang='lat' dir='ltr'>tuac</span> 
     </span>
     <span class='ocr_line' id='line_1_97' title="bbox 1097 2047 1840 2093; baseline -0.004 -10"><span class='ocrx_word' id='word_1_498' title='bbox 1097 2050 1228 2091; x_wconf 88' lang='lat' dir='ltr'>litteris,</span> <span class='ocrx_word' id='word_1_499' title='bbox 1263 2049 1346 2082; x_wconf 84' lang='lat' dir='ltr'>sicut</span> <span class='ocrx_word' id='word_1_500' title='bbox 1372 2056 1423 2082; x_wconf 89' lang='lat' dir='ltr'>tua</span> <span class='ocrx_word' id='word_1_501' title='bbox 1449 2059 1579 2093; x_wconf 88' lang='lat' dir='ltr'>quoque</span> <span class='ocrx_word' id='word_1_502' title='bbox 1607 2048 1725 2092; x_wconf 78' lang='lat' dir='ltr'>pagina</span> <span class='ocrx_word' id='word_1_503' title='bbox 1756 2047 1840 2081; x_wconf 88' lang='lat' dir='ltr'>desi-</span> 
     </span>
     <span class='ocr_line' id='line_1_98' title="bbox 1096 2101 1837 2148; baseline -0.005 -11"><span class='ocrx_word' id='word_1_504' title='bbox 1096 2104 1214 2147; x_wconf 73' lang='lat' dir='ltr'>gnavit,</span> <span class='ocrx_word' id='word_1_505' title='bbox 1227 2109 1400 2148; x_wconf 72' lang='lat' dir='ltr'>prorostra</span> <span class='ocrx_word' id='word_1_506' title='bbox 1411 2103 1532 2146; x_wconf 88' lang='lat' dir='ltr'>sumpsi</span> <span class='ocrx_word' id='word_1_507' title='bbox 1545 2102 1648 2135; x_wconf 85' lang='lat' dir='ltr'>salute</span> <span class='ocrx_word' id='word_1_508' title='bbox 1664 2101 1837 2141; x_wconf 82' lang='lat' dir='ltr'>tristitiam,</span> 
     </span>
    </p>
   </div>
   <div class='ocr_carea' id='block_1_11' title="bbox 1078 2155 1841 2201">
    <p class='ocr_par' dir='ltr' id='par_1_16' title="bbox 1078 2155 1841 2201">
     <span class='ocr_line' id='line_1_99' title="bbox 1078 2155 1841 2201; baseline -0.008 -9"><span class='ocrx_word' id='word_1_509' title='bbox 1078 2155 1079 2163; x_wconf 49' lang='lat'>¹</span> <span class='ocrx_word' id='word_1_510' title='bbox 1096 2159 1150 2192; x_wconf 90' lang='lat' dir='ltr'>ubi</span> <span class='ocrx_word' id='word_1_511' title='bbox 1169 2158 1312 2201; x_wconf 88' lang='lat' dir='ltr'>comperi</span> <span class='ocrx_word' id='word_1_512' title='bbox 1338 2158 1424 2201; x_wconf 85' lang='lat' dir='ltr'>quod</span> <span class='ocrx_word' id='word_1_513' title='bbox 1447 2162 1515 2190; x_wconf 87' lang='lat' dir='ltr'>erat</span> <span class='ocrx_word' id='word_1_514' title='bbox 1534 2156 1623 2190; x_wconf 82' lang='lat' dir='ltr'>vobis</span> <span class='ocrx_word' id='word_1_515' title='bbox 1643 2155 1787 2195; x_wconf 76' lang='lat' dir='ltr'>noxium,</span> <span class='ocrx_word' id='word_1_516' title='bbox 1811 2161 1841 2187; x_wconf 81' lang='lat' dir='ltr'>et</span> 
     </span>
    </p>
   </div>
   <div class='ocr_carea' id='block_1_12' title="bbox 1096 2208 1841 2307">
    <p class='ocr_par' dir='ltr' id='par_1_17' title="bbox 1096 2208 1841 2307">
     <span class='ocr_line' id='line_1_100' title="bbox 1096 2208 1841 2256; baseline -0.007 -11"><span class='ocrx_word' id='word_1_517' title='bbox 1096 2211 1212 2256; x_wconf 74' lang='lat' dir='ltr'>qu0d¹³</span> <span class='ocrx_word' id='word_1_518' title='bbox 1225 2222 1318 2244; x_wconf 77' lang='lat' dir='ltr'>verae</span> <span class='ocrx_word' id='word_1_519' title='bbox 1332 2210 1402 2254; x_wconf 83' lang='lat' dir='ltr'>paci</span> <span class='ocrx_word' id='word_1_520' title='bbox 1413 2209 1611 2243; x_wconf 87' lang='lat' dir='ltr'>contrarium</span> <span class='ocrx_word' id='word_1_521' title='bbox 1627 2208 1744 2252; x_wconf 88' lang='lat' dir='ltr'>reperi.</span> <span class='ocrx_word' id='word_1_522' title='bbox 1761 2208 1841 2241; x_wconf 86' lang='lat' dir='ltr'>Con-</span> 
     </span>
     <span class='ocr_line' id='line_1_101' title="bbox 1097 2262 1840 2307; baseline -0.007 -8"><span class='ocrx_word' id='word_1_523' title='bbox 1097 2266 1240 2299; x_wconf 85' lang='lat' dir='ltr'>tristatur</span> <span class='ocrx_word' id='word_1_524' title='bbox 1264 2264 1349 2298; x_wconf 85' lang='lat' dir='ltr'>enim</span> <span class='ocrx_word' id='word_1_525' title='bbox 1376 2264 1540 2307; x_wconf 83' lang='lat' dir='ltr'>apostolus</span> <span class='ocrx_word' id='word_1_526' title='bbox 1572 2263 1611 2296; x_wconf 85' lang='lat' dir='ltr'>dc</span> <span class='ocrx_word' id='word_1_527' title='bbox 1641 2272 1752 2295; x_wconf 86' lang='lat' dir='ltr'>errore</span> <span class='ocrx_word' id='word_1_528' title='bbox 1787 2262 1840 2294; x_wconf 89' lang='lat' dir='ltr'>dc-</span> 
     </span>
    </p>
   </div>
   <div class='ocr_carea' id='block_1_13' title="bbox 1131 2359 1801 2677">
    <p class='ocr_par' dir='ltr' id='par_1_18' title="bbox 1131 2359 1659 2390">
     <span class='ocr_line' id='line_1_102' title="bbox 1131 2359 1659 2390; baseline -0.006 -1"><span class='ocrx_word' id='word_1_529' title='bbox 1131 2363 1147 2390; x_wconf 81' lang='grc'>6</span> <span class='ocrx_word' id='word_1_530' title='bbox 1167 2362 1216 2389; x_wconf 84' lang='lat' dir='ltr'>Cit.</span> <span class='ocrx_word' id='word_1_531' title='bbox 1234 2361 1293 2389; x_wconf 91' lang='lat' dir='ltr'>cod.</span> <span class='ocrx_word' id='word_1_532' title='bbox 1310 2361 1380 2388; x_wconf 78' lang='lat' dir='ltr'>sorte</span> <span class='ocrx_word' id='word_1_533' title='bbox 1396 2361 1496 2388; x_wconf 87' lang='lat' dir='ltr'>rectius</span> <span class='ocrx_word' id='word_1_534' title='bbox 1511 2359 1611 2387; x_wconf 86' lang='lat' dir='ltr'>omittit</span> <span class='ocrx_word' id='word_1_535' title='bbox 1625 2362 1659 2387; x_wconf 83' lang='lat' dir='ltr'>el.</span> 
     </span>
    </p>

    <p class='ocr_par' dir='ltr' id='par_1_19' title="bbox 1133 2401 1520 2435">
     <span class='ocr_line' id='line_1_103' title="bbox 1133 2401 1520 2435; baseline -0.01 -5"><span class='ocrx_word' id='word_1_536' title='bbox 1133 2404 1146 2430; x_wconf 81' lang='lat'><strong>7</strong></span> <span class='ocrx_word' id='word_1_537' title='bbox 1163 2403 1213 2429; x_wconf 88' lang='lat' dir='ltr'>Cit.</span> <span class='ocrx_word' id='word_1_538' title='bbox 1231 2401 1291 2429; x_wconf 90' lang='lat' dir='ltr'>cod.</span> <span class='ocrx_word' id='word_1_539' title='bbox 1308 2401 1407 2429; x_wconf 85' lang='lat' dir='ltr'>omittit</span> <span class='ocrx_word' id='word_1_540' title='bbox 1424 2404 1520 2435; x_wconf 72' lang='lat' dir='ltr'>atque.</span> 
     </span>
    </p>

    <p class='ocr_par' dir='ltr' id='par_1_20' title="bbox 1132 2439 1780 2515">
     <span class='ocr_line' id='line_1_104' title="bbox 1133 2439 1780 2470; baseline -0.008 0"><span class='ocrx_word' id='word_1_541' title='bbox 1133 2443 1148 2470; x_wconf 93' lang='lat'>8</span> <span class='ocrx_word' id='word_1_542' title='bbox 1164 2441 1234 2469; x_wconf 86' lang='lat' dir='ltr'>Edit.</span> <span class='ocrx_word' id='word_1_543' title='bbox 1252 2450 1321 2469; x_wconf 88' lang='lat' dir='ltr'>rom.</span> <span class='ocrx_word' id='word_1_544' title='bbox 1338 2444 1411 2469; x_wconf 84' lang='lat' dir='ltr'>recte</span> <span class='ocrx_word' id='word_1_545' title='bbox 1427 2448 1459 2469; x_wconf 86' lang='lat' dir='ltr'>ac</span> <span class='ocrx_word' id='word_1_546' title='bbox 1473 2440 1687 2468; x_wconf 72' lang='lat' dir='ltr'>haereticorum</span> <span class='ocrx_word' id='word_1_547' title='bbox 1711 2439 1780 2467; x_wconf 78' lang='lat' dir='ltr'>labe.</span> 
     </span>
     <span class='ocr_line' id='line_1_105' title="bbox 1132 2479 1708 2515; baseline -0.007 -6"><span class='ocrx_word' id='word_1_548' title='bbox 1132 2484 1147 2510; x_wconf 83' lang='lat'>9</span> <span class='ocrx_word' id='word_1_549' title='bbox 1164 2483 1193 2509; x_wconf 89' lang='grc'>111</span> <span class='ocrx_word' id='word_1_550' title='bbox 1209 2482 1253 2508; x_wconf 87' lang='lat' dir='ltr'>cit.</span> <span class='ocrx_word' id='word_1_551' title='bbox 1270 2481 1330 2508; x_wconf 87' lang='lat' dir='ltr'>cod.</span> <span class='ocrx_word' id='word_1_552' title='bbox 1347 2481 1514 2515; x_wconf 75' lang='lat' dir='ltr'>intactaque</span> <span class='ocrx_word' id='word_1_553' title='bbox 1529 2479 1708 2506; x_wconf 83' lang='lat' dir='ltr'>desideratur.</span> 
     </span>
    </p>

    <p class='ocr_par' dir='ltr' id='par_1_21' title="bbox 1133 2519 1801 2637">
     <span class='ocr_line' id='line_1_106' title="bbox 1135 2519 1801 2556; baseline -0.005 -6"><span class='ocrx_word' id='word_1_554' title='bbox 1135 2525 1167 2550; x_wconf 81' lang='lat'>10</span> <span class='ocrx_word' id='word_1_555' title='bbox 1182 2524 1271 2549; x_wconf 79' lang='lat' dir='ltr'>Bai-on</span> <span class='ocrx_word' id='word_1_556' title='bbox 1285 2521 1354 2548; x_wconf 81' lang='lat' dir='ltr'>forte</span> <span class='ocrx_word' id='word_1_557' title='bbox 1371 2520 1460 2547; x_wconf 85' lang='lat' dir='ltr'>mend.</span> <span class='ocrx_word' id='word_1_558' title='bbox 1478 2519 1636 2556; x_wconf 71' lang='lat' dir='ltr'>typograph.</span> <span class='ocrx_word' id='word_1_559' title='bbox 1654 2521 1801 2555; x_wconf 59' lang='lat' dir='ltr'>dignetur.</span> 
     </span>
     <span class='ocr_line' id='line_1_107' title="bbox 1133 2559 1764 2589; baseline -0.002 0"><span class='ocrx_word' id='word_1_560' title='bbox 1133 2563 1163 2589; x_wconf 77' lang='lat'>11</span> <span class='ocrx_word' id='word_1_561' title='bbox 1182 2561 1245 2588; x_wconf 85' lang='lat' dir='ltr'>Cod.</span> <span class='ocrx_word' id='word_1_562' title='bbox 1268 2565 1320 2588; x_wconf 84' lang='lat' dir='ltr'>vat.</span> <span class='ocrx_word' id='word_1_563' title='bbox 1335 2560 1405 2587; x_wconf 79' lang='lat'>1340</span> <span class='ocrx_word' id='word_1_564' title='bbox 1419 2560 1488 2587; x_wconf 78' lang='lat' dir='ltr'>forte</span> <span class='ocrx_word' id='word_1_565' title='bbox 1504 2559 1604 2587; x_wconf 78' lang='lat' dir='ltr'>rectius</span> <span class='ocrx_word' id='word_1_566' title='bbox 1619 2560 1764 2588; x_wconf 81' lang='lat' dir='ltr'>admones.</span> 
     </span>
     <span class='ocr_line' id='line_1_108' title="bbox 1136 2599 1623 2637; baseline -0.002 -8"><span class='ocrx_word' id='word_1_567' title='bbox 1136 2602 1167 2630; x_wconf 72' lang='lat'>12</span> <span class='ocrx_word' id='word_1_568' title='bbox 1181 2601 1222 2629; x_wconf 91' lang='lat' dir='ltr'>Id.</span> <span class='ocrx_word' id='word_1_569' title='bbox 1239 2608 1382 2637; x_wconf 83' lang='lat' dir='ltr'>perperam</span> <span class='ocrx_word' id='word_1_570' title='bbox 1397 2599 1496 2628; x_wconf 82' lang='lat' dir='ltr'>omittit</span> <span class='ocrx_word' id='word_1_571' title='bbox 1514 2601 1623 2635; x_wconf 66' lang='lat' dir='ltr'>qratia.</span> 
     </span>
    </p>

    <p class='ocr_par' dir='ltr' id='par_1_22' title="bbox 1137 2640 1546 2677">
     <span class='ocr_line' id='line_1_109' title="bbox 1137 2640 1546 2677; baseline -0.007 -6"><span class='ocrx_word' id='word_1_572' title='bbox 1137 2643 1168 2671; x_wconf 87' lang='lat'>13</span> <span class='ocrx_word' id='word_1_573' title='bbox 1187 2643 1218 2671; x_wconf 91' lang='lat' dir='ltr'>In</span> <span class='ocrx_word' id='word_1_574' title='bbox 1233 2641 1279 2670; x_wconf 78' lang='lat' dir='ltr'>cit.</span> <span class='ocrx_word' id='word_1_575' title='bbox 1297 2641 1356 2670; x_wconf 88' lang='lat' dir='ltr'>cod.</span> <span class='ocrx_word' id='word_1_576' title='bbox 1373 2641 1446 2677; x_wconf 80' lang='lat' dir='ltr'>quod</span> <span class='ocrx_word' id='word_1_577' title='bbox 1460 2640 1546 2669; x_wconf 84' lang='lat' dir='ltr'>deest.</span> 
     </span>
    </p>
   </div>
   <div class='ocr_carea' id='block_1_14' title="bbox 1877 227 2043 256">
    <p class='ocr_par' dir='ltr' id='par_1_23' title="bbox 1877 227 2043 256">
     <span class='ocr_line' id='line_1_110' title="bbox 1877 227 2043 256; baseline 0.012 -2"><span class='ocrx_word' id='word_1_578' title='bbox 1877 227 1927 254; x_wconf 86' lang='lat' dir='ltr'>An.</span> <span class='ocrx_word' id='word_1_579' title='bbox 1944 229 1975 256; x_wconf 90' lang='lat' dir='ltr'>C.</span> <span class='ocrx_word' id='word_1_580' title='bbox 1992 229 2043 256; x_wconf 68' lang='lat'>493</span> 
     </span>
    </p>
   </div>
   <div class='ocr_carea' id='block_1_15' title="bbox 1858 450 2042 551">
    <p class='ocr_par' dir='ltr' id='par_1_24' title="bbox 1858 450 2042 551">
     <span class='ocr_line' id='line_1_111' title="bbox 1873 450 2040 476; baseline 0.006 -6"><span class='ocrx_word' id='word_1_581' title='bbox 1873 450 2040 476; x_wconf 73' lang='lat' dir='ltr'>Euphemtduum</span> 
     </span>
     <span class='ocr_line' id='line_1_112' title="bbox 1858 477 2041 499; baseline 0.011 -3"><span class='ocrx_word' id='word_1_582' title='bbox 1858 477 1966 499; x_wconf 73' lang='lat' dir='ltr'>hortatur.</span> <span class='ocrx_word' id='word_1_583' title='bbox 1985 480 2006 497; x_wconf 85' lang='lat' dir='ltr'>ul</span> <span class='ocrx_word' id='word_1_584' title='bbox 2022 484 2041 498; x_wconf 88' lang='lat' dir='ltr'>tn</span> 
     </span>
     <span class='ocr_line' id='line_1_113' title="bbox 1858 503 2042 525; baseline 0.005 -2"><span class='ocrx_word' id='word_1_585' title='bbox 1858 503 1966 524; x_wconf 74' lang='lat' dir='ltr'>Ecclesiae</span> <span class='ocrx_word' id='word_1_586' title='bbox 1975 505 2042 525; x_wconf 78' lang='lat' dir='ltr'>uinta-</span> 
     </span>
     <span class='ocr_line' id='line_1_114' title="bbox 1858 532 2016 551; baseline 0 -1"><span class='ocrx_word' id='word_1_587' title='bbox 1858 532 1899 550; x_wconf 75' lang='lat' dir='ltr'>tem</span> <span class='ocrx_word' id='word_1_588' title='bbox 1915 533 2016 551; x_wconf 72' lang='lat' dir='ltr'>revertat.</span> 
     </span>
    </p>
   </div>
   <div class='ocr_carea' id='block_1_16' title="bbox 1855 1570 2040 1644">
    <p class='ocr_par' dir='ltr' id='par_1_25' title="bbox 1855 1570 2040 1644">
     <span class='ocr_line' id='line_1_115' title="bbox 1876 1570 2039 1591; baseline 0 -1"><span class='ocrx_word' id='word_1_589' title='bbox 1876 1570 1931 1590; x_wconf 71' lang='lat' dir='ltr'>llaec</span> <span class='ocrx_word' id='word_1_590' title='bbox 1944 1570 2039 1591; x_wconf 71' lang='lat' dir='ltr'>Pontifici</span> 
     </span>
     <span class='ocr_line' id='line_1_116' title="bbox 1855 1599 2040 1618; baseline 0.005 -2"><span class='ocrx_word' id='word_1_591' title='bbox 1855 1599 1939 1617; x_wconf 70' lang='lat' dir='ltr'>strenuo</span> <span class='ocrx_word' id='word_1_592' title='bbox 1969 1600 2040 1618; x_wconf 75' lang='lat' dir='ltr'>custo-</span> 
     </span>
     <span class='ocr_line' id='line_1_117' title="bbox 1855 1624 1942 1644; baseline -0.011 0"><span class='ocrx_word' id='word_1_593' title='bbox 1855 1624 1942 1644; x_wconf 77' lang='lat' dir='ltr'>dieuda.</span> 
     </span>
    </p>
   </div>
  </div>
 </body>
</html>
