2244 3183
252 213 301 239 An.
318 212 346 239 C.
367 213 419 239 482

483 204 547 238 2224.

983 218 1135 243 APPENDIX
1156 219 1299 244 BULLARII
1320 220 1437 245 ROMANI

293 275 362 295 „xi-im
374 276 435 295 <now
452 263 575 305 clcsiae7
587 269 616 297 te
629 264 815 307 instruente
826 265 985 307 didicisse,
998 277 1092 310 quem
1108 278 1193 301 nunc
1228 268 1287 309 bis,
1299 279 1381 312 quae
1391 269 1431 302 ad
1441 268 1618 302 catholicae
1631 269 1771 304 veritatis
1789 271 1966 305 custodiam

253 304 303 321 ιιιιιιι
323 303 435 328 reprehen-
454 317 458 322 .

452 323 494 350 ita
524 318 643 350 habere
675 329 707 351 se
736 319 971 363 comperimus,
991 326 1026 354 ut
1054 321 1191 365 improbi
1227 322 1449 365 pertinebant,
1474 323 1601 356 duxeris
1625 323 1843 365 instruendos3
1871 331 1967 370 atque

252 329 314 348 «titur.

280 1672 352 1692 Asturii
369 1673 429 1693 silen-

246 1699 295 1718 tium
313 1701 430 1720 execratur.

450 381 508 413 per
525 371 727 404 occasionem
750 372 855 405 obitus
873 379 1001 407 sanctae
1016 374 1193 408 memoriae

450 424 607 457 Timothei
633 424 639 440 ¹
670 426 816 458 camdem
843 427 1009 460 ecclesiam
1037 433 1193 462 conentur

452 477 569 510 habere
593 478 760 521 captivam.
789 479 878 513 Unde
895 481 1055 523 agendum
1075 488 1122 515 est
1145 483 1193 515 di-

452 531 578 563 lectioni
595 539 665 565 tuae
680 544 751 565 cum
767 534 1017 568 elementissimo
1031 535 1188 579 principe,

450 596 489 617 nc
517 586 715 619 convellatur
745 588 804 620 sub
832 588 900 621 eius
925 589 1080 632 imperio,
1105 590 1191 633 quod

451 639 573 681 tyranni
597 640 795 684 temporibus
815 641 921 685 potuit
937 642 1088 675 obtineri.

494 693 570 726 Data
589 693 694 727 idibus
718 695 799 735 iulii,
820 695 972 729 Severino
992 696 1060 729 viro
1082 696 1191 729 claris-

449 745 531 777 simo
552 748 695 780 consule.

486 809 545 835 liat.
567 809 610 837 die
634 811 748 843 t51ulii,
765 820 809 838 an.
831 812 892 839 48⁶2.

673 953 856 987 EPISTOLA
882 954 932 987 XV
944 954 964 987 ².

448 1025 605 1057 Armatam
625 1025 662 1057 (Ic
681 1030 769 1058 statu.
789 1026 1011 1059 Anti‘ocltemce
1029 1026 1190 1059 Ecclesiae

491 1079 621 1121 penitus-
652 1080 836 1113 reticentem
853 1081 1054 1113 vcltementer
1080 1081 1189 1114 obiur—

491 1136 565 1173 qast·
587 1137 615 1165 et
635 1133 729 1165 valde
753 1135 969 1174 twcruciatus,
987 1134 1074 1178 quod
1094 1135 1190 1178 impe-

493 1190 592 1225 rator,
626 1186 748 1219 Ioanne
776 1188 899 1227 reiecto,
922 1189 1059 1221 Petrum
1080 1188 1190 1221 haerc-

492 1240 592 1271 [ianm
621 1241 656 1272 in
679 1241 702 1273 Α
712 1240 902 1273 lemanno-iae
928 1241 1112 1284 episcopum
1133 1252 1188 1284 pc-

493 1297 538 1325 tat
558 1294 811 1337 proreliemlum„
824 1294 944 1327 Acacio
965 1295 1135 1338 praecipit,
1151 1299 1187 1327 ut

492 1347 591 1379 liuius
623 1347 772 1380 electioni
798 1349 871 1380 totis
897 1348 1024 1381 viribus
1042 1348 1184 1382 obsistat.

637 1419 809 1453 Simplicius
834 1419 999 1454 Episcopus

498 1472 605 1499 Acacio
626 1472 768 1506 Episcopo
794 1469 1132 1506 constantinopolitano.

703 1537 757 1563 Per
777 1536 929 1563 Uranium.

491 1607 644 1640 Miramur
665 1607 785 1651 pariter
803 1613 833 1640 et
847 1608 1004 1649 dolemus,
1019 1607 1061 1641 ita
1072 1607 1102 1641 iu
1116 1613 1188 1641 tuae

447 1661 627 1694 dilectionis
642 1661 750 1694 animo
765 1661 998 1695 dissimulatam
1020 1662 1165 1695 lacerare
1178 1663 1188 1678 ³

445 1725 555 1748 curam
586 1714 749 1748 charitatis
778 1720 809 1747 et
833 1714 927 1755 fidei,
952 1722 986 1747 ut
1010 1725 1083 1748 cum
1104 1715 1189 1748 chri-

444 1767 657 1801 stianissimus
689 1768 865 1812 imperator
899 1767 1027 1812 pietatis
1055 1774 1085 1802 et
1114 1768 1187 1801 reli-

444 1820 548 1862 gionis
569 1821 719 1854 instinctu
740 1821 858 1854 assandi
879 1832 931 1855 me
944 1848 951 1862 ‚
973 1827 1003 1854 et
1024 1821 1063 1854 de
1083 1821 1186 1854 causis

444 1874 668 1908 ecclesiasticis
708 1875 899 1908 consulendi
939 1875 1051 1908 fideles
1091 1881 1186 1919 atque

443 1928 577 1966 solertes
599 1928 820 1962 internuncios
842 1928 1038 1970 destinaret,
1063 1928 1129 1973 ipse
1156 1935 1186 1962 et

444 1982 588 2015 alternae
613 1982 735 2024 gratiae
760 1988 791 2015 et
816 1982 998 2025 vigilantiae
1017 1982 1186 2026 pastoralis

444 2035 563 2069 oblitus
588 2046 648 2069 nec
667 2036 788 2080 alloqui
813 2046 872 2070 nos
891 2036 1042 2077 volueris,
1066 2046 1126 2069 nec
1147 2037 1186 2070 de

482 2190 488 2214 1
514 2188 671 2216 Timotheus
693 2188 888 2215 Alexandrinus
911 2189 1056 2225 episeopus
1085 2189 1183 2217 cathol.

442 2240 504 2259 ann.
523 2232 573 2259 492
595 2233 666 2260 diem
688 2233 764 2268 obiit,
782 2242 864 2269 quum
892 2233 1009 2261 sedisset
1036 2242 1120 2261 annos
1139 2234 1182 2261 23.

444 2276 482 2304 lta
497 2277 638 2304 Liberatus
654 2286 697 2313 op.
715 2278 761 2304 cit.
780 2286 839 2314 cap.
858 2278 899 2305 16.

479 2322 495 2348 2
511 2322 547 2348 Ex
563 2322 646 2348 Mansi
665 2323 733 2349 Coll.
754 2323 861 2350 Concz'l.
874 2326 941 2350 tom.
959 2329 1002 2357 vu,
1019 2323 1068 2350 col.
1086 2324 1148 2351 992.

479 2368 494 2393 3
511 2367 597 2393 Mansi
613 2366 645 2393 ad
674 2375 757 2402 marg.
785 2370 812 2394 et
831 2367 866 2394 al.
894 2367 1020 2395 latitare.
1043 2367 1106 2394 Cod.
1124 2369 1182 2395 Vat.

442 2412 510 2438 56¹7
528 2411 560 2438 ad
576 2420 661 2446 marg.
680 2412 777 2439 latere.
796 2412 893 2439 Verum
907 2411 1042 2447 antiquior
1058 2412 1123 2439 4961
1142 2414 1185 2440 la-

442 2464 557 2484 cerare:
579 2455 660 2491 idque
680 2456 776 2483 melius
793 2456 910 2483 videtur.

477 2501 493 2527 Ιι
509 2511 521 2524 «
539 2500 615 2535 Apud
636 2500 730 2528 Baron.
757 2502 949 2536 repensanda;
977 2501 1099 2529 hortatur
1113 2501 1185 2528 enim

444 2545 579 2578 Acacium,
609 2550 639 2572 ut
666 2546 760 2573 maiori
789 2546 928 2581 diligentia
961 2546 1093 2582 rependat
1112 2545 1183 2582 quod

444 2589 570 2616 diuturno
590 2589 697 2617 silentio
717 2589 864 2625 deliquit».
881 2590 955 2618 Cont.
975 2591 1065 2618 Const.
1083 2591 1101 2617 l.
1124 2598 1147 2617 c.

1228 374 1311 415 idco,
1338 376 1436 409 frater
1457 376 1632 416 carissime,
1660 388 1742 421 quae
1762 389 1826 411 non
1848 379 1964 413 imme-

1227 429 1288 463 rito
1309 431 1413 463 cernis
1434 431 1533 464 libera
1554 431 1722 465 affectione
1742 433 1876 477 culpari,
1904 445 1965 478 po-

1227 483 1307 517 tiore
1319 484 1484 526 diligentia
1505 486 1708 528 repensando
1719 486 1741 525 ⁴,
1758 488 1968 529 cognosceref'

1227 537 1362 580 proinde
1392 537 1574 580 delegatum
1608 539 1664 571 tibi
1696 550 1814 572 munus
1834 540 1963 584 impen-

1227 590 1315 629 dens,
1336 601 1448 623 sensus
1463 596 1533 624 tuos
1542 591 1851 634 prudenterattolle,
1869 599 1968 637 etpro

1228 643 1353 676 tuendis
1370 643 1637 678 Chalcedonensis
1657 645 1769 689 synodi
1787 646 1968 680 constitutis

1226 695 1432 729 vehementer
1456 696 1596 739 invigila,
1614 708 1654 731 ne
1667 709 1726 742 per
1738 699 1967 741 negligentiam

1226 748 1449 793 desidiamque
1474 756 1617 783 nostram
1648 751 1841 795 subrepatur
1860 753 1967 795 gregi-

1225 802 1284 835 bus
1302 803 1431 836 Domini
1452 803 1570 837 lethale
1594 804 1798 848 dispendium
1809 804 1830 838 ⁸.
1858 806 1967 849 Nuper

1224 856 1263 888 ab
1278 857 1431 901 Aegyptia
1445 858 1579 901 synodo,
1600 868 1682 901 quae
1699 864 1730 892 et
1742 869 1878 893 numero
1895 860 1967 903 plu-

1224 909 1323 950 rima,
1354 915 1384 942 ct
1410 910 1485 943 [idei
1512 910 1689 945 catholicae
1713 918 1795 946 esset
1819 923 1966 946 commu-

1224 961 1320 995 nione
1341 962 1481 1003 suffulta,
1510 970 1606 1008 atque
1627 965 1666 997 ab
1687 965 1756 1008 ipso
1777 965 1865 999 omni
1885 976 1963 1010 pro-

1224 1016 1399 1058 pemodum
1425 1017 1512 1050 clero
1539 1018 1773 1052 Alexandrinae
1805 1019 1895 1053 Sedis
1926 1021 1966 1054 ad

1223 1079 1281 1102 nos
1302 1080 1338 1102 ex
1350 1080 1441 1103 more
1461 1071 1574 1104 relatio
1590 1071 1684 1105 missa
1698 1072 1876 1116 patefecit7,
1894 1084 1966 1106 san-

1224 1128 1293 1156 ctae
1303 1123 1479 1157 memoriae
1496 1125 1624 1157 fratrem
1640 1126 1813 1169 quemdam
1826 1126 1837 1141 ’³
1850 1132 1880 1159 et
1893 1137 1967 1160 coc-

1223 1176 1391 1220 piscopum
1416 1183 1563 1210 nostrum
1592 1178 1708 1211 obiisse
1738 1178 1961 1213 Timotheum:

1223 1230 1321 1274 inque
1349 1230 1417 1264 cius
1445 1231 1546 1264 vicem
1578 1242 1719 1265 consona
1746 1232 1891 1266 fidelium
1911 1244 1967 1267 vo-

1223 1283 1345 1317 luntate
1356 1285 1521 1325 Ioannem,
1538 1284 1589 1317 cui
1601 1285 1641 1318 ad
1657 1286 1874 1319 sacerdotium
1888 1297 1965 1320 con-

1222 1343 1307 1370 stare
1324 1338 1533 1371 crederentur
1549 1339 1670 1379 omnia,
1690 1339 1911 1382 subrogatum3
1931 1346 1967 1373 ut

1223 1391 1301 1423 nihil
1331 1391 1464 1425 omnino
1496 1399 1617 1426 restare
1643 1392 1822 1433 videbatur,
1846 1393 1907 1426 nisi
1931 1399 1967 1426 ut

1222 1444 1286 1477 Dco
1300 1450 1410 1478 nostro
1428 1445 1545 1488 gratias
1563 1446 1731 1488 agentibus
1744 1445 1848 1487 nobis,
1869 1451 1966 1491 atque

1222 1498 1449 1539 gaudcntibus,
1469 1504 1504 1531 ut
1516 1499 1584 1532 sine
1604 1499 1739 1543 strepitu
1753 1499 1840 1543 quod
1853 1500 1964 1533 catho-

1222 1550 1303 1583 licus
1321 1550 1353 1583 in
1375 1551 1516 1585 defuncti
1531 1551 1746 1585 ministerium
1762 1553 1967 1586 successisset

1223 1604 1373 1644 antistes,
1405 1604 1600 1648 apostolicae
1622 1616 1750 1649 quoque
1771 1606 1967 1640 moderatio-

1222 1657 1271 1690 nis
1285 1668 1416 1691 assensu
1430 1658 1566 1691 votivam
1582 1664 1725 1692 sumeret
1743 1658 1930 1692 firmitatem
1940 1660 1961 1692 ⁰.

1222 1710 1298 1744 Cum
1311 1722 1384 1745 ecce
1402 1712 1580 1745 secundum
1600 1712 1866 1745 consuetudinem
1886 1712 1965 1745 mihi

1222 1765 1297 1798 talia
1321 1765 1504 1809 disponenti
1533 1766 1789 1809 tranquillissimi
1810 1765 1965 1811 principis

1221 1818 1339 1863 scripta
1356 1825 1430 1852 sunt
1451 1819 1587 1860 reddita,
1607 1819 1725 1863 quibus
1748 1825 1964 1853 memoratum

1222 1878 1385 1917 tamquam
1408 1873 1542 1917 periurii
1563 1883 1666 1915 reum,
1693 1874 1781 1917 quod
1812 1873 1963 1907 fraterni-

1223 1926 1277 1959 tati
1298 1937 1429 1970 quoque
1449 1932 1521 1960 tuae
1542 1937 1607 1960 non
1622 1937 1690 1960 esse
1701 1927 1863 1961 diceretur
1873 1928 1964 1961 inco-

1220 1980 1357 2022 gnitum,
1372 1980 1554 2014 sacerdotio
1574 1981 1760 2024 perhiberet
1780 1981 1961 2024 indignum.

1220 2033 1308 2067 Illico
1340 2033 1457 2067 retraxi
1481 2034 1609 2078 pedem,
1637 2039 1668 2067 et
1692 2044 1797 2068 meam
1818 2034 1963 2069 revocavi

1219 2185 1338 2218 sectione
1349 2185 1474 2220 culpari,
1483 2185 1594 2219 potiori
1609 2185 1766 2220 dili'yentt'a
1780 2186 1964 2221 repensanda

1219 2237 1368 2264 coynosce3
1383 2230 1505 2264 proinde
1527 2230 1691 2265 deteyatum
1707 2231 1761 2258 tibi
1782 2240 1889 2258 munus
1904 2231 1963 2259 im-

1216 2275 1391 2309 pendens...
1408 2274 1445 2301 Ad
1462 2283 1570 2302 sensum
1586 2275 1733 2311 aptissime.

1254 2328 1270 2355 6
1290 2328 1330 2355 Al.
1346 2329 1546 2363 suspendium.

1256 2381 1269 2409 7
1290 2393 1302 2406 «
1327 2381 1393 2409 lluic
1416 2382 1606 2410 consuetudini
1629 2383 1657 2409 in
1678 2382 1770 2418 primis
1790 2382 1962 2417 obtempera-

1219 2431 1283 2458 bant
1309 2440 1377 2459 max.
1399 2435 1426 2459 et
1445 2433 1606 2468 praecipuae
1635 2432 1772 2460 Ecclesiae
1797 2441 1821 2459 1).
1850 2431 1957 2459 Contiu.

1219 2482 1308 2509 Consi.
1327 2482 1342 2508 l.
1366 2491 1389 2509 c.

1254 2533 1269 2559 8
1285 2532 1381 2559 Ilaron.
1403 2532 1559 2567 quondam.
1576 2531 1646 2558 Sane
1661 2531 1770 2559 rectius.

1253 2584 1269 2611 9
1285 2584 1336 2611 Ubi
1351 2585 1385 2611 al.
1408 2584 1461 2612 duo
1477 2587 1572 2620 puncta
1596 2584 1708 2619 affigunt
1720 2607 1726 2618 ,
1743 2593 1793 2612 nos
1813 2593 1895 2612 unum
1915 2593 1962 2621 po-

478 2635 494 2662 5
509 2634 547 2661 ΛΙΑ
580 2635 658 2667 Quae
675 2643 729 2661 mm
751 2635 898 2663 immerito
918 2635 1012 2662 cernis
1032 2635 1124 2663 libera
1139 2636 1184 2669 af·
1219 2633 1322 2668 nimus,
1343 2637 1372 2660 ut
1391 2633 1518 2669 periodus
1538 2634 1627 2661 minus
1654 2633 1770 2669 implexa
1789 2633 1923 2669 effulgeat.

1991 200 2050 252 =An.
2067 225 2095 253 C.
2113 223 2177 253 482·

1999 875 2088 896 loannes
2097 877 2166 898 'rimo-

1982 901 2031 922 theo
2065 903 2166 930 episcopo
2206 901 2222 922 »3

1981 929 2088 950 sult'uctus.

2006 1779 2044 1800 iiie
2055 1785 2067 1800 a
2077 1779 2162 1800 Zenona

1979 1808 2090 1836 *tamquam*
2107 1812 2163 1836 jier-

1979 1839 2037 1854 iurus
2052 1836 2155 1855 relicitur.
