2244 3183
62 258 112 286 An.
127 257 156 285 C.
177 256 227 284 484

644 251 797 278 APPEme
822 249 966 275 m'imnu
992 248 1119 275 nomm.
1146 251 1160 273 s
1185 246 1276 273 rfflx
1301 247 1336 271 u1
1361 247 1406 271 pr.
1682 234 1745 268 263

592 302 666 337 111¹.

261 386 494 420 Anathematis
517 385 678 418 sententia
698 384 727 416 si
749 384 835 416 iusta
848 393 907 426 per
925 382 1003 415 resi-

302 440 500 483 piscentiam
520 438 719 478 dissolvitur,
739 438 768 470 si
784 437 910 470 iniusta
930 446 1004 479 qra-

308 497 362 525 vat
381 493 555 526 neminem.

308 573 362 607 Cui
383 579 429 607 est
449 574 535 607 illata
555 573 724 614 sententia,
752 573 893 616 deponat
909 579 1002 604 erro-

304 745 311 771 l
335 743 373 770 Ex
391 743 473 771 Mansi
486 743 595 771 Concil.
615 744 728 772 Collect.
747 748 811 771 tom.
828 751 885 779 vm,
902 752 926 779 p.
947 744 1007 779 136,

266 788 311 824 qui
327 788 481 816 huiusmodi
500 789 650 824 fragmento
666 789 771 816 titulum
787 784 910 825 praefigit
925 790 1009 816 Gela-

264 833 325 860 sius
335 834 418 868 episc.
441 834 551 862 Orient.
567 834 599 861 de
614 834 802 861 damnatione
818 834 960 861 Dioscori.
977 834 1010 860 At

267 886 422 914 perperaum
445 878 513 905 haec
533 879 606 905 enim
622 878 695 914 leges
710 878 762 905 sub
783 879 863 905 linem
879 882 1010 906 tractatus

268 922 365 950 Felicis
384 922 429 949 ΙΙΙ.
463 922 526 950 ldeo
548 931 582 950 ne
610 923 719 950 Gelasio
745 923 931 956 tribuendum,
947 924 1010 958 quia

267 967 336 995 forte
351 967 449 995 Felicis
462 967 546 995 verba
564 967 590 994 in
610 976 687 995 suam
712 968 854 1004 epistolam
876 968 1010 995 inseruit?

268 1011 298 1039 ld
319 1013 414 1040 saltem
439 1021 494 1040 non
514 1012 624 1040 intirme
647 1013 858 1040 demonstretur.
888 1013 941 1041 Nos
966 1013 1012 1041 Be—

268 1057 343 1084 rardi
370 1057 531 1084 sententiam
550 1061 705 1093 sequentes,
730 1059 775 1094 qui
796 1067 839 1094 op.
862 1059 919 1093 cit.‚
949 1067 1009 1094 pag.

268 1102 316 1130 33¹
333 1101 393 1129 loco
409 1102 540 1131 Dioscori
560 1103 703 1139 legendum
718 1103 799 1132 docet
812 1104 924 1139 Aeacii,
941 1103 1012 1131 hunc

1038 309 1117 339 rem,
1143 303 1173 332 et
1190 308 1290 331 vacua
1307 302 1366 338 est,
1379 296 1434 330 sed
1448 295 1474 330 si
1486 295 1604 328 iniusta
1617 299 1674 334 est,
1690 298 1778 327 tanto

1037 363 1108 386 eam
1121 363 1234 386 curare
1244 362 1309 385 non
1321 351 1427 392 (lebet,
1442 355 1562 395 quanto
1580 349 1666 393 apud
1679 348 1779 381 Deum

1038 413 1068 440 et
1087 406 1261 440 Ecclesiam
1277 405 1344 439 eius
1360 405 1524 438 neminem
1545 407 1651 448 potest
1671 401 1782 445 iniqua

1038 471 1172 503 gravare
1189 460 1357 494 sententia.
1378 460 1424 492 Ita
1444 468 1521 500 ergo
1539 468 1576 491 ea
1590 467 1624 490 se
1643 466 1708 489 non
1728 455 1783 487 ab·

1038 515 1117 549 solvi
1136 515 1308 554 desideret,
1332 523 1396 557 qua
1415 522 1448 546 se
1461 511 1645 545 nullatenus
1658 508 1782 554 perspi-

1040 569 1082 603 cit
1099 569 1278 612 obligatum
1292 567 1313 600 ².

1041 749 1173 769 canonem
1190 739 1272 767 Felici
1296 738 1329 766 lll
1350 736 1529 768 restituimus,
1552 735 1618 763 licet
1632 735 1706 762 Grat.
1725 742 1784 769 cap.

1041 795 1079 820 xl,
1092 794 1118 821 q.
1131 785 1157 820 3,
1175 784 1258 815 1246,
1277 787 1304 810 et
1319 782 1362 810 lvo
1379 782 1481 808 decret.
1495 788 1550 815 xlv,
1567 789 1624 815 cap.
1648 786 1694 806 vul
1714 778 1786 806 aliud

1043 831 1145 858 sentire
1161 829 1312 856 videantur.
1334 827 1404 854 Neve
1424 833 1594 861 consequens
1616 828 1666 858 est,
1687 827 1717 851 ut
1742 823 1788 859 qui

1045 875 1204 903 Pontificum
1219 876 1350 900 tractatus
1364 870 1616 907 praetermittimus,
1637 873 1664 896 et
1692 868 1789 895 horum

1043 922 1195 956 fragmenta
1202 919 1369 952 omittamus,
1379 925 1463 953 quum
1473 915 1506 943 ad
1518 914 1656 942 Ecclesiae
1670 921 1790 941 canones

1045 966 1211 994 referuntur.

1080 1013 1096 1039 2
1110 1010 1181 1037 Pith.
1193 1009 1248 1036 dat.
1262 1012 1426 1036 censetann.
1439 1007 1505 1035 494:
1519 1013 1567 1032 nec
1583 1005 1691 1035 mirum,
1707 1011 1790 1039 quum

1045 1058 1098 1085 hoc
1115 1057 1212 1093 fragm.
1229 1055 1334 1083 Gelasio
1355 1053 1501 1081 adscribat.
1523 1051 1605 1079 Nobis
1624 1049 1714 1086 potius
1733 1049 1789 1075 dat.

1046 1103 1152 1131 videtur
1166 1101 1217 1129 sub
1232 1100 1326 1129 dimid.
1342 1107 1404 1127 ann.
1420 1098 1482 1126 484.
1499 1097 1580 1124 Cons.
1604 1095 1671 1123 jaffe
1690 1095 1708 1122 1.
1730 1101 1755 1121 c.

1810 244 1859 270 An.
1881 243 1910 271 C.
1927 243 1978 271 484
