2244 3183
64 243 117 270 An.
135 241 163 270 C.
180 241 233 270 534

93 785 147 806 Huic
155 790 192 811 per
201 784 252 805 Cae-

66 812 146 833 sarium
156 812 253 831 visitator

67 838 235 860 substituendus.

881 238 908 263 S.
932 238 1070 264 IOANNES
1091 240 1114 264 11
1134 240 1183 264 PP.

264 289 419 324 meliosus
450 289 490 323 de
522 287 716 322 criminibus
745 287 810 321 suis
843 287 1009 321 consessus

263 343 383 386 legitur
411 349 508 387 atque
537 342 713 376 convictus.
736 341 774 375 Et
794 341 870 385 quia
890 340 1007 373 huius-

263 397 352 431 modi
370 397 548 431 sceleribus
561 396 745 441 implicatus
756 394 930 428 sacerdotii
945 404 1009 427 non

263 457 371 496 potest
384 451 565 485 ministeria
576 450 638 483 iam
657 454 805 489 tractare,
830 448 1011 482 neccssaria

263 505 356 539 robis
377 505 493 539 solatia
513 504 679 538 eredimus
699 502 873 536 visitatoris
894 501 1010 535 adiun-

265 570 358 601 gere;
380 558 496 592 etideo
517 558 549 591 in
569 556 711 591 Ecclesia
729 556 798 590 eius
810 555 1010 589 visitatorem

266 613 336 646 dari
352 618 462 646 nostra
477 611 621 645 decrevit
640 610 829 649 auctoritas
853 615 886 642 ut
900 608 1011 642 Eccle-

266 667 313 699 sia
333 676 392 699 suo
413 665 539 710 privata
560 664 710 709 praesule
735 663 855 697 summi
871 668 1013 707 nequeat

266 719 432 764 pontificis
462 719 586 753 solatiis
618 718 781 761 indigere:
815 717 866 750 cui
898 727 953 750 vos
980 716 1013 749 in

268 774 422 808 omnibus
439 783 555 817 parere
573 772 784 806 decernimus
796 771 816 813 ¹,
833 771 873 805 ad
892 781 928 804 ca
944 776 1013 803 tan-

268 828 451 868 tummodo,
475 837 559 871 quae
576 826 676 860 sacris
689 831 764 859 sunt
780 824 924 868 gerenda
940 834 1011 868 my-

268 882 389 922 steriis;
420 881 463 915 ita
494 886 614 921 tamen,
638 886 673 913 ut
693 879 772 912 nihil
794 879 833 912 de
854 877 1011 912 ecclesia-

267 936 348 970 stica
378 936 530 969 facultate
558 938 762 979 praesumam
796 938 826 966 et
855 933 961 966 clerus
982 932 1014 965 in

267 1000 306 1023 eo
327 1000 391 1033 quo
411 999 499 1022 nunc
517 993 563 1022 est
580 987 695 1021 ordine
709 986 905 1020 constitutus
917 986 1015 1020 nullis

266 1043 422 1087 gradibus
443 1047 694 1087 promoveatur,
719 1041 823 1075 donec
842 1040 1013 1086 proprium

267 1098 470 1131 sacerdotem
492 1096 593 1141 possit
620 1096 752 1129 habere.
776 1095 913 1129 Omnem
938 1105 1015 1128 vero

267 1151 352 1184 hanc
383 1149 640 1183 sollicitudinem
673 1148 824 1183 Caesario
860 1148 951 1181 fratri
987 1154 1017 1181 et

268 1204 462 1248 coepiscopo
492 1209 602 1237 nostro
629 1202 840 1245 iniungimus,
863 1202 904 1235 ad
925 1201 1016 1236 cuius

269 1268 383 1291 curam
405 1263 533 1297 cuncta,
553 1267 638 1301 quae
656 1266 788 1290 necesse
809 1256 884 1297 sint,
908 1255 1013 1299 perti-

268 1323 347 1345 nere
377 1312 575 1345 censuimus.
609 1310 789 1345 Dominus2
810 1320 866 1344 vos
884 1310 1014 1343 incolu—

270 1376 339 1399 mes
364 1365 536 1406 custodiat,
565 1365 765 1398 dilectissimi
787 1364 857 1397 filii.

313 1420 392 1453 Data
412 1429 457 1453 v11
479 1419 551 1452 idus
576 1419 706 1463 Aprilis,
734 1418 868 1452 Paulino
886 1418 1017 1453 Iuniore

269 1473 339 1507 viro
357 1473 539 1507 clarissimo
558 1473 703 1507 consule.

305 1534 364 1562 Dat.
382 1535 424 1563 die
442 1535 455 1562 7
470 1535 567 1571 April.,
583 1543 626 1562 an.
643 1534 705 1562 534.

505 1697 693 1732 EPISTOLA
714 1696 753 1730 Vl
764 1696 785 1730 ³.

277 1796 401 1829 Valerii
414 1796 536 1829 titteris
551 1799 726 1839 ιᾳναιαηίεν
744 1796 884 1838 acceptis
904 1795 1020 1829 rescri-

318 1849 376 1890 bit,
393 1849 564 1884 Christum
580 1849 794 1893 Uniyem'tum
808 1849 870 1882 Dei
889 1849 1018 1882 Filium

273 1985 381 2020 gaiensis
401 1985 582 2012 Ecclesiae».
600 1984 631 2010 ln
647 1983 708 2011 cod.
729 1991 793 2010 vero
814 1983 961 2018 Lirinens.‚
982 1984 1021 2010 uti

274 2030 367 2057 adnot.
389 2029 541 2062 Sirmond.,
568 2029 636 2057 haec
661 2028 836 2065 praeponitur
860 2028 1018 2064 inscriptio:

276 2085 287 2099 a
301 2075 423 2102 Ioannis
451 2074 512 2101 ΡΡ.
540 2074 579 2100 ad
603 2074 799 2108 presbyteros,
826 2073 962 2101 diaconos
994 2076 1021 2101 et

276 2122 414 2147 cunctum
429 2119 536 2147 clerum
547 2118 703 2153 Rheqiens.
717 2118 794 2145 Eccl.
810 2128 832 2145 o:
851 2127 903 2154 quo
919 2118 1021 2146 indicio

275 2164 429 2199 didicimus,
445 2163 537 2191 subdit
552 2163 702 2197 Sirmond.,
718 2172 771 2198 quo
787 2163 813 2190 in
834 2163 893 2191 loco
914 2163 1020 2198 episco-

275 2218 327 2245 pus
346 2209 426 2236 fuerit
445 2208 673 2236 Contumeliosus.
691 2225 723 2228 —
740 2208 823 2236 Lahb.
841 2208 885 2236 ed.
903 2209 1022 2244 praefert

280 2265 292 2279 «
308 2255 353 2281 Ad
378 2255 562 2289 presbyteros
590 2256 617 2281 et
646 2254 782 2281 diaconos
811 2254 1023 2282 Contumeliosi

276 2299 437 2334 episcopi».

315 2345 323 2370 1
350 2343 445 2370 Bai-on.
463 2343 516 2378 leg.
534 2343 724 2371 decrevimus.

311 2389 327 2415 ⁰2
344 2389 427 2415 Maur.
447 2389 532 2415 Deus.

311 2433 327 2459 3
343 2433 379 2459 Ex
395 2432 480 2460 Labh.
499 2432 609 2459 Conczsst.
626 2432 735 2459 collect.
754 2435 819 2459 tom.
836 2440 863 2467 v,
885 2432 937 2459 col.
959 2433 1022 2466 887,

276 2477 320 2505 ubi
337 2477 369 2503 ad
386 2485 472 2512 marg.
495 2476 564 2503 hanc
579 2485 639 2504 esse
654 2477 835 2512 apocrypham
852 2481 970 2504 notatur.
992 2477 1025 2504 Et

276 2530 306 2549 re
330 2521 439 2557 quidem
461 2530 534 2556 vera,
555 2521 576 2548 si
593 2521 697 2557 priores
719 2530 814 2548 versus
830 2522 960 2557 excipias,
977 2521 1024 2548 de-

277 2566 386 2601 scripsit
397 2566 529 2593 Mercator
544 2574 576 2592 ex
594 2565 687 2593 ithacii
704 2566 750 2593 1111,
761 2572 779 2598 ι,
792 2574 851 2602 cap.
865 2574 901 2600 lv,
917 2573 933 2593 v
949 2570 1023 2601 etia,

277 2609 374 2645 quibus
396 2610 529 2646 quaedam
551 2610 583 2637 ad
610 2618 653 2646 ep.
679 2611 746 2637 cate.
768 2610 867 2637 adiecit
886 2619 946 2637 011111
963 2615 1026 2638 11013

277 2654 423 2690 consulari,
436 2663 517 2691 quam
534 2655 604 2683 male
616 2655 753 2683 confinxit.
767 2655 827 2683 Vid.
845 2655 920 2684 Cont.
933 2655 1023 2684 Const.

1699 230 1763 264 503

1086 288 1228 322 Deitatis
1249 293 1372 321 natura
1397 298 1463 321 non
1482 298 1547 321 esse
1563 287 1666 321 Patre
1686 288 1792 321 mino-

1087 353 1167 382 rem,
1184 352 1319 386 eumque
1345 343 1509 382 hortatur,
1526 345 1562 375 ut
1583 342 1668 375 hauc
1685 342 1723 375 de
1735 342 1793 376 In-

1089 396 1281 429 cat-natione
1301 396 1485 429 doctrinam
1502 400 1632 429 strenue
1647 400 1790 429 tucatur.

1096 481 1355 509 Reverendissimo
1371 481 1459 509 fratri
1473 482 1591 510 Valerio
1606 483 1748 518 Episcopo

1336 534 1491 565 Ioannes.

1090 609 1216 654 Scripta
1258 616 1330 643 tuae
1373 611 1552 645 sanctitatis
1589 613 1767 657 suscipiens
1783 639 1790 653 ‚

1047 665 1144 709 plena
1175 675 1213 698 ea
1243 664 1320 697 fidei
1347 665 1480 707 regula,
1509 676 1573 709 qua
1593 666 1794 710 plurimum⁴
1811 678 1935 704 gratulatur.

1048 719 1162 762 polles,
1186 718 1306 759 inveni,
1330 724 1361 752 ct
1380 720 1445 752 Deo
1458 720 1578 762 gratias
1592 720 1686 753 retuli
1708 720 1796 764 quod

1048 773 1156 806 anima
1179 778 1211 806 et
1231 782 1370 816 corpore
1396 778 1425 806 tc
1445 773 1528 807 bene
1548 773 1657 816 vigere
1682 773 1792 807 didici.

1049 827 1132 860 Sane
1152 837 1205 867 ea,
1237 837 1321 870 quae
1352 827 1542 869 significasti
1569 827 1728 871 quosdam
1750 827 1798 861 di-

1049 890 1135 921 cere,
1159 880 1249 924 quod
1269 890 1335 914 non
1356 880 1396 914 sit
1415 880 1515 914 Filius
1536 881 1683 925 aequalis
1695 880 1794 921 Patri,

1050 939 1081 967 et
1098 934 1187 978 quod
1212 933 1245 966 in
1269 934 1443 977 Evangelio
1463 934 1622 978 scriptum
1650 935 1708 968 sit:
1729 935 1798 968 Pa-

1051 992 1097 1021 ter
1114 988 1222 1021 maior
1240 998 1290 1021 mc
1311 989 1389 1029 est⁵,
1412 988 1494 1022 scias
1511 998 1577 1022 non
1597 994 1684 1021 recte
1706 988 1799 1021 intel-

1050 1041 1152 1084 ligere
1174 1042 1253 1075 tales
1278 1041 1355 1075 fidei
1381 1042 1521 1085 regulas,
1545 1052 1605 1075 nec
1622 1047 1744 1075 rectam
1762 1041 1800 1074 fi-

1051 1095 1124 1128 dem
1139 1106 1239 1139 penes
1259 1106 1292 1129 se
1312 1095 1445 1129 habere.
1470 1095 1589 1129 Paulus
1602 1095 1612 1111 ⁸
1632 1095 1799 1139 apostolus

1050 1158 1117 1181 non
1142 1149 1322 1182 secundum
1351 1149 1485 1182 Deitatis
1516 1155 1667 1182 naturam
1701 1149 1796 1183 Chri·
1828 1155 1999 1176 Christuscrea·

1051 1207 1135 1236 stum
1161 1208 1305 1236 creatum
1328 1202 1511 1243 insinuat⁷,
1542 1203 1597 1235 sed
1619 1203 1798 1236 secundum
1814 1184 2000 1230 ἓῖἷῖιῑωῖἕιξῖῗὲἶ

1051 1256 1214 1290 humanae
1246 1262 1383 1289 naturae
1412 1256 1624 1289 substantiam
1646 1257 1797 1289 eumdem
1815 1239 1865 1257 ‘em'

1052 1316 1196 1343 creatum
1220 1310 1370 1350 affirmat,
1396 1310 1465 1353 ipso
1490 1310 1638 1354 Ephesiis
1658 1310 1800 1343 conscri-

1052 1363 1164 1396 bente:
1185 1376 1195 1393 <‹
1210 1363 1435 1403 Renovamini,
1451 1363 1566 1407 inquit,
1580 1363 1696 1407 spiritu
1710 1374 1800 1396 men-

1052 1417 1092 1450 tis
1120 1423 1246 1458 vesbrae
1267 1423 1298 1451 et
1318 1417 1443 1450 induite
1468 1427 1592 1450 nox-um
1614 1417 1796 1458 hominem,

1052 1471 1108 1514 qui
1135 1472 1315 1505 secundum
1344 1472 1446 1504 Deum
1469 1476 1596 1504 creatus
1616 1476 1663 1504 est
1691 1471 1723 1503 in
1745 1471 1798 1504 iu-

1053 1524 1141 1558 stitia
1158 1530 1188 1558 et
1209 1525 1380 1558 sanctitate
1401 1524 1544 1558 veritatis
1557 1524 1608 1557 *11.
1629 1524 1666 1556 Et
1680 1524 1719 1557 ad
1732 1524 1798 1557 He-

1053 1578 1184 1611 braeos:
1214 1578 1255 1611 In
1284 1588 1317 1610 eo
1342 1578 1430 1610 enim
1459 1578 1497 1610 in
1521 1588 1585 1621 quo
1611 1587 1730 1621 passus
1755 1581 1801 1610 est

1053 1631 1111 1664 itte
1128 1635 1157 1663 et
1176 1635 1328 1671 tentatus,
1343 1632 1444 1664 etiam
1458 1635 1562 1675 potest
1580 1631 1643 1671 his,
1661 1631 1721 1675 qui
1735 1634 1802 1663 ten-

1055 1688 1171 1717 tantur
1194 1684 1361 1717 auoettiari
1377 1684 1399 1717 ⁹.
1423 1683 1524 1724 Unde,
1545 1684 1665 1727 fratres
1680 1683 1799 1724 sancti,

1053 1738 1231 1771 vocationis
1249 1737 1392 1771 coelestis
1406 1738 1585 1782 participes
1596 1735 1630 1777 ¹⁰,
1651 1736 1799 1770 conside-

1054 1795 1125 1825 rate
1143 1791 1340 1835 Apostolum
1359 1795 1388 1824 et
1408 1790 1603 1833 Pontificem
1632 1790 1802 1834 confessio·

1055 1846 1108 1879 nis
1140 1849 1269 1878 nostrae
1292 1845 1423 1885 Iesum,
1451 1844 1581 1887 fidetem
1612 1844 1803 1878 eoez'stentem

1056 1980 1089 2008 ad
1106 1980 1132 2007 11.
1155 1989 1198 2016 ep.
1220 1981 1268 2008 Est
1287 1984 1378 2008 autem
1395 1980 1463 2008 haec
1478 1980 1566 2016 prima
1582 1980 1676 2008 loann.
1694 1979 1715 2007 tl
1732 1979 1804 2017 apud

1056 2025 1141 2053 Caras.
1159 2034 1220 2062 pag.
1237 2026 1290 2054 573
1304 2029 1331 2053 et
1345 2025 1415 2061 apud
1432 2025 1515 2052 Labb.
1533 2025 1600 2052 ibid.

1091 2071 1107 2098 4
1127 2071 1170 2098 Sic
1191 2070 1288 2104 Labb„
1312 2070 1413 2105 Caras„
1438 2073 1464 2097 et
1488 2078 1533 2097 nn.
1558 2069 1650 2103 codd.;
1667 2069 1803 2105 primum

1056 2116 1107 2151 leg.
1126 2115 1203 2142 Cont.
1222 2115 1313 2143 Const.

1091 2162 1108 2189 5
1123 2161 1218 2188 Ioann.
1236 2168 1291 2195 xiv,
1309 2170 1332 2187 v.
1348 2161 1392 2187 28.

1093 2207 1109 2234 6
1125 2206 1201 2233 Cont.
1224 2206 1314 2233 Const.
1341 2214 1401 2233 cum
1422 2214 1468 2233 nn.
1485 2206 1565 2233 codd.
1585 2206 1666 2240 1344,
1688 2210 1714 2234 et
1733 2206 1798 2233 3791

1058 2252 1102 2279 hic
1117 2250 1284 2278 interiiciunt
1305 2251 1419 2286 quippe.
1438 2251 1519 2278 Recte
1536 2251 1569 2278 ad
1586 2251 1668 2279 locut.
1685 2255 1803 2278 context.

1093 2297 1107 2323 7
1128 2307 1140 2321 αι
1152 2295 1271 2323 1111301115
1292 2295 1352 2322 adv.
1370 2296 1545 2323 Varimadum
1562 2305 1621 2333 cap.
1638 2303 1663 2324 tv
1676 2306 1700 2323 ι.
1717 2296 1801 2324 Labb.

1057 2341 1090 2369 ad
1111 2349 1196 2376 marg.

1093 2387 1108 2414 8
1126 2396 1136 2412 «1
1151 2386 1188 2414 Et
1216 2386 1381 2414 sanctitatis
1411 2386 1534 2414 veritate
1553 2397 1576 2413 n.
1605 2386 1682 2414 Cont.
1711 2386 1802 2413 Const.

1058 2434 1152 2458 contra
1169 2430 1244 2466 vulg.
1267 2434 1332 2458 text.
1350 2431 1451 2466 Ephes.
1468 2438 1504 2463 ιν,
1520 2431 1564 2458 ⁶23.

1093 2476 1109 2501 9
1126 2475 1208 2502 llebr.
1226 2476 1311 2510 11‚t8‚
1328 2476 1460 2512 ubiVulg.
1478 2476 1541 2512 leg.:
1564 2477 1619 2503 «In
1635 2484 1664 2503 eo
1681 2476 1758 2503 enim
1772 2476 1805 2503 in

1059 2529 1115 2555 (1110
1138 2528 1240 2555 passus
1262 2523 1303 2548 est
1324 2521 1383 2555 ipse
1398 2525 1422 2548 et
1440 2524 1575 2554 tentatus,
1591 2523 1692 2556 potens
1716 2523 1755 2547 est
1777 2523 1804 2548 et

1059 2566 1109 2598 ets,
1126 2567 1177 2601 qut
1194 2568 1355 2600 tentantur,
1372 2566 1522 2594 auxiliari
1537 2576 1559 2592 n.

1098 2611 1129 2638 10
1146 2611 1289 2647 l'crperam
1306 2610 1386 2638 codd.
1402 2611 1462 2638 Vat.
1477 2611 1542 2637 1344
1558 2614 1583 2637 et
1599 2610 1678 2637 3791:
1698 2620 1709 2636 «
1726 2610 1803 2637 Unde

1058 2659 1171 2685 sanctae
1181 2656 1340 2684 voca-tionis
1351 2663 1461 2691 semper
1470 2655 1598 2683 coelestis
1609 2655 1767 2690 participes
1776 2664 1802 2681 ».

1826 241 1874 267 An.
1893 241 1922 268 C.
1940 241 1991 269 534

1850 625 1880 644 De
1900 628 1994 650 acceptis

1811 650 1891 671 Valerii
1919 651 1995 671 titteris
