2244 3183
39 820 42 822 ’
73 836 122 862 An.
143 835 172 863 c.
189 835 240 863 ⁴82

85 1319 141 1340 Petri
152 1319 241 1341 scelera.

734 309 810 389 S.
871 309 1333 391 StMPLlCH

535 514 1043 565 EPISTOLARUM
1093 516 1544 568 FRAGMENTA.

614 835 666 870 1⁴.

270 935 394 968 Zenoni
415 936 591 968 rescribens
607 934 763 978 pluribus
782 936 932 974 ostendit,
955 935 1017 968 Pe-

317 992 403 1020 trum
417 989 572 1032 illoqssum,
587 988 838 1022 Aleoesmclrimze
856 989 1017 1021 Ecclesiae

316 1052 381 1074 non
397 1053 461 1075 esse
478 1042 746 1085 praeficiemlum.

395 1123 543 1156 Simplicii
562 1124 659 1156 Papae
680 1123 716 1149 ad
735 1123 889 1150 Zenonem.

432 1197 513 1225 Inter
527 1200 646 1233 caetera.
663 1199 688 1225 et
703 1197 741 1225 (nl
753 1197 853 1225 Iocum.

317 1268 378 1301 Sed
388 1268 451 1300 iam
463 1268 630 1301 veniamus
638 1269 677 1301 ad
687 1278 752 1307 eos,
763 1279 902 1312 quorum
915 1279 1014 1302 unum

273 1333 289 1353 a
322 1321 491 1354 Pontificio
520 1322 755 1355 Alexandrinae
784 1322 944 1355 Eerlesiae
969 1333 1018 1355 se-

272 1375 483 1415 cludendum,
510 1375 648 1408 alterum
666 1375 741 1409 huie
761 1375 1015 1419 praeficiendum

272 1428 511 1472 tranquillitatis
539 1434 612 1461 tuae
640 1429 756 1472 scripta
780 1430 1012 1473 pronunciant:

271 1494 308 1516 ae.
321 1483 439 1526 primo,
449 1483 473 1515 si
485 1483 590 1526 placet
604 1493 742 1526 persona
755 1483 851 1523 Petri,
866 1484 1016 1516 meritum

273 1537 503 1579 expendamus.
537 1535 695 1568 Nimirum
723 1536 775 1569 hic
803 1542 850 1569 est
870 1537 1017 1580 complex

270 1589 453 1633 parricidae
463 1588 473 1606 ²
485 1589 655 1629 Timothei,
672 1595 702 1623 et
715 1589 809 1623 exilio
818 1590 1017 1634 sempiterno

270 1648 375 1676 vestra
395 1653 525 1686 quoque
552 1642 693 1676 iussione
718 1643 935 1685 dignissimus.
960 1644 1018 1676 llio

270 1702 383 1729 eontra
402 1696 570 1729 veritatem
587 1697 793 1729 militantium
809 1697 917 1729 socius
934 1707 1018 1729 sem-

269 1761 328 1794 per
348 1756 379 1783 et
403 1750 527 1783 doctor.
556 1750 611 1783 Hic
641 1751 679 1783 de
702 1761 765 1794 quo
800 1751 1017 1784 Alexandrina

270 1804 351 1837 urbe
376 1804 527 1847 pellendo
549 1815 644 1848 saepe
674 1815 724 1837 me
746 1804 862 1837 litteris
887 1815 1017 1846 rogasse

270 1867 336 1890 non
351 1857 487 1890 dubium
510 1864 573 1895 est;
593 1857 648 1901 qui
671 1857 696 1890 si
715 1863 799 1891 esset
819 1864 926 1891 rectae
940 1857 1017 1891 fidei

270 1911 302 1942 in
332 1910 491 1943 catholiea
519 1911 632 1954 utique
661 1910 893 1944 coitiu‘iunione
925 1922 1016 1944 man-

270 1963 372 1996 sisset.
401 1963 492 2002 Quod
512 1963 538 1996 si
559 1964 599 1996 ad
620 1974 689 1996 eam
711 1974 815 2007 nuper
836 1965 1014 1997 emendan-

271 2017 331 2049 dus
345 2017 483 2057 aceedit,
512 2017 574 2049 hoe
595 2017 698 2060 ipsum
726 2018 781 2050 diu
805 2018 921 2050 retenti
942 2029 1018 2052 eon-

272 2073 394 2103 t'utatur
412 2070 550 2110 erroris,
571 2081 667 2113 quam
692 2077 797 2103 tamen
819 2071 1019 2104 emendatio-

270 2134 343 2156 nem
355 2123 380 2156 si
391 2124 439 2156 vel
448 2134 535 2156 nune
549 2123 674 2156 sincera
687 2130 794 2157 mente
803 2125 1018 2168 perquireret,

271 2177 520 2210 satisfactionem
534 2183 768 2220 consequenter
781 2178 928 2211 afferret:
953 2189 1018 2212 non

308 2278 317 2302 1
338 2276 374 2303 Ex
386 2276 473 2303 Mansi
491 2277 606 2305 Collect.
623 2276 730 2304 Concit.
748 2280 812 2304 tom.
830 2283 877 2312 vn,
891 2277 941 2304 col.
954 2278 1016 2305 994.

306 2322 323 2348 2
342 2321 381 2348 ΑΙ.
400 2322 574 2356 parricidii.
602 2322 670 2349 Sane
691 2330 850 2357 perperam:
882 2323 1017 2358 siquidem

271 2366 368 2394 caedes
383 2367 455 2393 facta
470 2366 520 2393 fuit
535 2375 587 2394 non
598 2366 731 2394 Timothei
747 2367 795 2394 sed
811 2367 927 2395 Proterii
940 2367 1015 2395 Alex.

271 2410 352 2445 episc.
376 2415 404 2438 ut
425 2410 515 2438 videre
535 2415 577 2438 est
600 2411 673 2446 apud
689 2411 714 2438 S.
738 2411 855 2438 Leonem
879 2412 957 2447 epist.
974 2419 1016 2446 cv,

271 2464 332 2491 pag.
361 2456 418 2489 149,
440 2457 492 2484 col.
509 2456 536 2484 2.
561 2456 715 2492 Simplicius
735 2460 824 2484 autem
845 2457 1017 2485 Timotheum

1049 838 1192 882 expetit³
1209 838 1412 880 dignitatem,
1440 838 1494 882 qui
1512 844 1585 882 post
1605 838 1792 882 poenitudi-

1048 902 1123 925 nem
1145 892 1347 934 indulgentia
1368 892 1484 934 dignus
1502 898 1559 931 est,
1576 902 1641 925 non
1656 893 1793 925 honore.

1049 945 1158 982 Absit,
1194 951 1230 978 ut
1257 945 1325 978 eius
1352 945 1445 978 saluti
1478 945 1503 978 si
1536 945 1706 989 resipiscit,
1742 946 1793 978 in-

1835 840 1884 866 An.
1902 840 1932 866 C.
1946 840 1996 866 482

1843 991 1880 1011 Cui
1897 992 1927 1012 vet
1945 992 1996 1011 resi-

1048 999 1193 1035 videam:
1223 1000 1440 1042 complector,
1472 1000 1585 1032 hortor
1605 1006 1636 1032 et
1656 1000 1793 1041 gaudeo,
1811 1018 1902 1047 pisqeffij
1926 1018 1996 1038 danda

1048 1053 1279 1095 gloriosissime
1311 1053 1503 1096 imperatorss,
1533 1053 1588 1085 sed
1610 1053 1663 1085 diu
1685 1054 1816 1097 pravi-1

1049 1107 1122 1139 tatis
1154 1107 1285 1140 vulnere
1317 1106 1460 1139 sauciato
1495 1107 1673 1139 medicinae
1706 1107 1797 1140 venia

1048 1161 1213 1204 competit,
1236 1170 1302 1193 non
1322 1160 1498 1204 potestatis.
1523 1160 1610 1193 Tune
1631 1160 1717 1193 enim
1740 1172 1797 1193 re-¹

1047 1214 1175 1256 ligionis
1202 1213 1321 1257 poterit
1347 1213 1549 1257 nuncupari,
1580 1213 1606 1245 si
1637 1214 1796 1257 perversi-

1050 1273 1112 1300 tate
1133 1268 1300 1306 damnata‚
1328 1268 1369 1300 ad
1389 1278 1499 1300 sanam
1522 1267 1619 1300 sidem
1650 1278 1795 1301 remeare

1049 1321 1255 1364 praelegerit.
1268 1320 1420 1364 Alioquin
1431 1320 1636 1353 manifestum
1648 1326 1705 1360 est,
1721 1331 1794 1353 eum

1050 1385 1115 1407 non
1142 1374 1342 1408 curationem
1369 1374 1494 1418 proprii
1524 1374 1708 1407 desiderare
1729 1374 1796 1406 lan-

1051 1428 1177 1468 guoris,
1198 1429 1254 1461 sed
1282 1427 1406 1460 ambire
1425 1427 1602 1469 fastigium,
1631 1438 1695 1470 quo
1716 1438 1793 1470 per-

1050 1481 1146 1514 fidiae
1177 1492 1255 1514 suae
1294 1481 1379 1514 virus
1416 1481 1541 1514 miseris
1579 1481 1796 1513 animantibus

1051 1535 1267 1568 confidentius
1281 1535 1497 1578 licentiusque
1515 1535 1685 1573 (infundat,
1709 1540 1740 1567 et
1757 1535 1796 1567 de

1050 1589 1221 1632 superiore
1237 1589 1309 1622 loeo
1324 1589 1426 1622 multo
1436 1588 1606 1621 violentius
1619 1588 1651 1620 in
1661 1588 1797 1621 servitu-

1051 1648 1113 1675 tem
1123 1642 1314 1676 catholicam
1324 1642 1445 1684 redigut
1459 1642 1649 1674 libertatem.
1661 1641 1795 1680 Quaeso⁴

1051 1696 1180 1733 deinde,
1208 1696 1261 1739 qui
1285 1695 1352 1728 eius
1373 1695 1539 1738 provectui
1565 1696 1793 1736 sull'ragentur,

1051 1756 1080 1782 et
1099 1760 1153 1783 eos
1170 1749 1268 1783 audio
1286 1760 1355 1782 esse
1376 1749 1645 1782 archimandritas
1666 1755 1694 1781 et
1722 1759 1794 1782 mo-

1050 1804 1189 1843 nachos,
1219 1804 1265 1836 vel
1294 1803 1319 1836 si
1349 1803 1403 1846 qui
1428 1809 1502 1835 sunt
1526 1802 1597 1842 alii,
1616 1802 1670 1845 qui
1691 1814 1759 1835 sese.
1780 1814 1796 1835 a

1051 1857 1282 1890 communione
1300 1856 1458 1889 catholica
1472 1862 1711 1899 separaverunt.
1727 1856 1793 1888 llo-

1050 1921 1121 1943 rum
1158 1920 1236 1952 ergo
1268 1909 1487 1942 testimonium
1517 1909 1795 1952 eoiiiprehandum

1050 1970 1107 2004 est,
1131 1974 1270 2007 quorum
1288 1963 1489 1996 admittenda
1510 1973 1659 2005 persona,
1680 1962 1797 2005 quibus

1051 2028 1147 2050 sanae
1168 2017 1243 2050 fidei
1257 2023 1288 2050 et
1299 2016 1516 2049 conscientiae
1531 2027 1625 2048 causa
1640 2026 1703 2048 non
1722 2027 1796 2058 sup-

1051 2072 1149 2114 petit,
1181 2077 1209 2104 et
1236 2070 1291 2114 qui
1319 2081 1391 2103 cum
1421 2070 1534 2102 eodem
1556 2069 1625 2112 pari
1648 2075 1797 2101 tenentur

1052 2135 1175 2158 errore.

1096 2179 1163 2211 Dat.
1192 2189 1266 2210 ann.
1295 2177 1370 2210 482.

1051 2276 1178 2302 Aelurum
1195 2274 1357 2310 parricidam
1378 2273 1495 2309 appellat
1515 2277 1541 2300 et
1556 2273 1582 2299 iu
1598 2281 1641 2308 ep.
1661 2281 1679 2298 11
1699 2272 1731 2299 ad
1748 2272 1795 2299 Ze-

1051 2329 1149 2348 nonem
1164 2321 1177 2355 ,ξ
1198 2323 1218 2353 l,
1235 2329 1296 2355 pag.
1313 2320 1375 2353 ⁹209,
1393 2319 1443 2345 col.
1465 2320 1486 2344 t.

1087 2366 1102 2392 3
1118 2365 1156 2392 ΑΙ.
1175 2366 1264 2392 forsan
1286 2367 1408 2398 eoepelal.
1433 2363 1483 2390 Sed
1504 2363 1604 2390 ret-tius
1624 2362 1656 2389 ad
1677 2365 1793 2389 context,

1051 2411 1132 2438 videt.
1156 2420 1181 2437 n.
1204 2410 1295 2437 lectio.

1086 2458 1102 2483 4
1122 2457 1202 2483 Forte
1222 2456 1329 2491 legend.
1348 2458 1466 2488 Quaero.

886 2599 989 2628 CN
995 2598 1175 2634 *JK-D

1812 1050 1873 1064 venta
1881 1061 1885 1068 ,
1901 1050 1941 1064 uon
1957 1050 1996 1070 DO—

1822 1073 1887 1091 estas.
