2244 3183
64 232 114 259 An.
132 232 160 259 C.
180 231 233 259 534

64 293 249 320 „amaricamur-
264 285 332 314 tuta
367 279 544 324 pontifice,
578 289 633 313 eos
664 277 799 312 minime
832 276 864 309 in
898 282 1008 309 nostra

65 328 111 343 cam
119 321 248 351 communio-

64 355 112 370 nem
122 349 220 375 recipiet.

879 228 905 252 S.
930 227 1067 253 IOANNES
1089 228 1113 252 11
1132 228 1184 253 PP.

264 333 495 367 communione
512 331 724 377 recepimus¹,
747 336 778 364 et
795 331 834 364 ab
852 330 941 364 omni
959 340 1009 362 ec-

264 387 361 421 clesia
392 387 551 421 catholica
582 396 651 420 esse
682 385 833 419 iussimus
865 383 1005 422 alienos,

264 441 337 481 nisi,
354 451 464 474 errore
479 441 643 480 damnato,
661 438 843 472 doctrinam
863 442 1008 470 nostram

265 495 458 539 quantocius
475 494 577 538 sequi,
596 493 707 526 habita
725 490 866 534 regulari
887 490 1010 534 profes-

264 548 367 588 sione,
381 547 638 591 significaveriff.
655 548 802 590 Aequum
816 545 937 589 quippe
952 548 1008 583 est,

265 608 300 634 ut
321 602 375 645 qui
389 602 507 635 nostris
527 601 661 634 minime
681 598 901 634 obedientiam
918 607 1011 630 acco-

266 655 401 688 modant
429 655 566 696 statutis,
591 655 630 687 ab
663 653 806 687 ecclesiis
830 652 1012 684 habeantur

266 714 422 742 extorres.
443 709 505 742 Sed
526 709 602 753 quia
618 707 778 751 gremium
800 716 894 740 suum
915 714 1011 738 num-

267 773 363 806 quam
388 762 601 796 redeuntibus
630 762 752 795 claudit
776 759 935 800 Ecclesia,
956 758 1013 792 ob-

1688 215 1752 249 495

1043 277 1260 319 dignaremini
1286 277 1449 311 destinare
1466 276 1487 309 ⁷.
1521 275 1631 310 Gratia
1658 274 1787 309 Domini

1042 329 1143 362 nostri
1161 331 1232 363 lesu
1245 330 1371 370 Christi,
1391 336 1421 363 et
1439 329 1578 363 charitas
1597 328 1653 363 Dei
1669 327 1784 369 Patris,

1043 387 1073 415 et
1093 383 1345 416 communicatio
1363 383 1470 417 Sancti
1487 382 1625 426 Spiritus
1642 381 1683 415 sit
1702 391 1787 414 sem-

1042 445 1100 479 per
1119 436 1297 477 vobiscum,
1317 436 1461 480 piissime
1478 436 1535 469 fili,
1549 438 1651 469 Amen
1664 436 1685 468 ⁸.
1706 435 1788 468 Item

1042 488 1236 532 subscriptio
1251 490 1274 522 θ.
1304 490 1517 534 Omnipotens
1542 490 1625 523 Deus
1650 499 1787 532 regnum

1043 548 1184 575 vestrum
1199 548 1228 576 et
1244 543 1382 576 salutem
1391 550 1528 577 vestram
1541 549 1700 588 perpetua
1712 553 1789 587 pro-

1044 596 1183 630 tectione
1208 597 1387 637 custodiat,
1415 597 1648 639 gloriosissime
1667 602 1697 630 et
1717 597 1785 630 cle-

1045 649 1245 683 mentissime
1266 650 1322 689 sili,
1347 651 1528 694 Imperator
1548 652 1701 693 Auguste.

1089 705 1158 738 Dat.
1179 704 1302 737 Romae
1322 714 1380 738 v111
1400 704 1554 737 kalendas
1574 704 1705 748 Aprilis,
1725 704 1788 738 Do—

1046 757 1135 791 mino
1155 763 1268 791 nostro
1289 757 1467 791 Iustiniano
1487 757 1546 791 ΡΡ.
1571 758 1716 800 Augusto
1736 757 1787 798 lv,

1046 817 1077 845 et
1099 811 1235 844 Paulino
1263 811 1340 844 viris
1372 810 1559 845 clarissimis
1590 811 1787 845 consulibus.

1815 224 1866 252 An.
1890 224 1917 252 C.
1934 223 1986 253 534

266 827 358 850 secro
376 816 583 850 clementiam
603 821 755 856 vestram,
771 820 817 855 ut,
834 814 859 847 si
877 813 1012 858 proprio

268 870 414 915 deposito
435 880 547 903 errore
572 875 603 903 et
627 879 726 913 prava
746 867 926 901 intentione
951 867 1010 900 de-

267 925 360 969 pulsa
384 925 425 958 ad
451 924 608 958 unitatem
629 923 790 957 Ecclesiae
810 921 929 956 reverti
950 931 1010 955 vo-

267 978 400 1019 luerint,
423 978 457 1010 in
477 982 582 1011 vestra
600 977 833 1011 communione
846 976 856 992 3
874 975 1013 1020 receptis

94 881 117 901 Si
133 882 203 901 autem
220 886 250 900 re·

66 908 176 933 emissam,
206 908 251 928 illos

67 934 131 956 etiam
141 934 251 955 Iustiniani

1081 875 1144 902 Dat.
1167 875 1211 902 die
1230 873 1265 902 25
1285 872 1383 908 Martii,
1402 881 1447 900 an.
1468 873 1532 901 534.

67 962 192 990 clementiae
215 961 252 990 110-

65 993 129 1035 1ιιιιι5110
157 989 252 1008 commit-

91 1200 132 1221 Pro
143 1200 254 1226 imperato-

69 1227 98 1248 ris
109 1227 253 1247 incolumitate

71 1256 120 1274 iota
135 1254 192 1274 facit.

110 1572 204 1599 Eiusque
225 1572 255 1593 le-

71 1601 131 1626 gatos
147 1599 226 1620 laudat.

266 1031 500 1074 indignationis
519 1037 643 1065 vestrae
656 1030 849 1064 removeatis
869 1030 1010 1070 aculeos,

268 1091 299 1119 et
322 1085 417 1118 nohis
442 1085 721 1119 intercedentibus
750 1084 882 1127 benigni
914 1084 1014 1117 animi

268 1139 405 1182 gratiam
421 1138 639 1172 condonetis⁴.
653 1139 753 1172 Deum
771 1143 879 1171 autem
898 1143 928 1171 et
945 1138 1013 1171 Sal-

268 1197 412 1225 vatorem
429 1197 577 1225 nostrum
598 1192 703 1225 Iesum
724 1191 884 1224 Christum
903 1201 1015 1224 exora-

268 1255 352 1286 mus,
376 1251 535 1289 quatenus
554 1244 720 1288 longaevis
741 1250 772 1278 et
795 1244 940 1288 pacificis
960 1255 1015 1278 vos

269 1298 421 1341 dignetur
452 1298 616 1332 custodire
651 1298 853 1342 temporibus
885 1299 917 1331 in
954 1298 1015 1332 hac

268 1363 344 1385 vera
368 1353 527 1395 religione
548 1359 577 1386 et
601 1353 735 1394 unitate,
757 1358 788 1385 et
807 1352 1015 1386 veneratione

268 1406 473 1450 Apostolicae
494 1407 601 1447 Sedis;
626 1406 716 1439 cuius
736 1406 967 1450 principatum,
982 1412 1016 1440 ut

269 1460 528 1493 christianissimi
543 1466 573 1493 et
590 1460 646 1503 pii,
660 1460 857 1492 conservatis
868 1459 899 1492 in
912 1460 1017 1493 omni-

270 1513 339 1546 bus.
377 1513 557 1553 Praeterea,
590 1513 795 1546 serenissime
815 1513 1013 1556 principum,

270 1566 441 1599 laudamus
466 1567 647 1608 legatorum
662 1571 841 1598 vestrorum
860 1576 1016 1609 personas

270 1619 413 1664 Hypani,
438 1625 469 1653 et
488 1619 642 1653 Demetrii
670 1619 818 1659 fratrum,
847 1625 878 1652 et
902 1619 1014 1663 coepi-

270 1683 445 1717 scoporum
471 1678 682 1713 nostrorum,
713 1682 795 1716 quos
827 1672 1017 1706 clementiae

271 1730 395 1759 vestrae
416 1731 523 1768 gratos
544 1726 613 1759 fore
633 1725 702 1769 ipsa
720 1724 935 1758 manifestavit
952 1725 1016 1758 ele-

272 1779 336 1812 ctio
359 1779 380 1812 ⁵.
410 1779 489 1812 Nam
519 1785 625 1812 tantae
650 1789 766 1812 causae
794 1779 923 1823 pondus
951 1789 1015 1812 non

271 1832 332 1866 nisi
347 1833 498 1877 perfectis
512 1833 544 1866 in
558 1833 683 1867 Christo
693 1832 852 1877 potuisset
863 1832 1015 1875 iniungi⁶3

274 1894 381 1922 tantae
402 1899 478 1922 vero
503 1888 653 1932 pietatis,
686 1893 792 1921 tantae
818 1887 1017 1921 reverentiae

272 1944 386 1988 plenos
408 1942 539 1983 affatus,
563 1943 623 1976 nisi
643 1953 701 1986 per
721 1947 866 1975 amantes
884 1941 1017 1976 minime

311 2061 320 2086 1
345 2059 434 2086 Caras.
452 2059 503 2095 leg.
521 2059 692 2093 recipimus.

308 2105 325 2132 2
346 2105 427 2132 Recte
452 2106 530 2132 Cont.
547 2105 639 2131 Const.
660 2103 895 2137 siginificaverinl.
918 2102 1017 2130 Forsan

274 2146 370 2173 melius
391 2154 417 2172 n.
442 2145 502 2172 cod.
526 2145 606 2178 496¹,
628 2144 670 2171 cui
690 2144 782 2171 acced.
800 2144 861 2171 cod.
882 2144 927 2170 cit.
950 2144 1016 2172 1427

273 2187 472 2221 siyvmverint;
495 2189 522 2213 et
543 2185 580 2212 ita
596 2185 665 2220 legg.
683 2184 779 2212 Baron.
797 2188 823 2212 et
839 2184 904 2212 Cod.
922 2184 1015 2211 lustin.

274 2232 301 2255 et
320 2227 408 2254 Caras.

312 2273 327 2299 3
345 2283 356 2296 (1
370 2272 405 2299 In
422 2274 546 2299 vestram
564 2271 796 2298 communionem
808 2279 831 2304 »;
852 2270 953 2306 optime
973 2270 1019 2297 Ba-

275 2321 334 2340 ron.
352 2316 378 2339 et
394 2311 453 2339 cod.
473 2311 566 2338 lustin.

309 2357 327 2383 4
343 2356 408 2383 (lod.
426 2356 502 2389 lust„
521 2357 620 2382 Bai-on.
638 2358 665 2382 et
684 2364 728 2382 nn.
748 2354 826 2383 codd.
849 2355 1016 2383 condonate.

274 2397 312 2424 Ad
330 2397 410 2423 locut.
428 2400 547 2423 context.
566 2397 654 2423 minus
670 2396 749 2424 bene.

309 2442 325 2469 5
337 2441 462 2469 Labb.ad
475 2450 559 2477 marg.
570 2452 580 2466 «
591 2441 710 2468 Liberat.
722 2441 748 2468 in
762 2441 1017 2477 131·eviar.cap.xx».

310 2483 326 2510 6
346 2483 438 2509 (ἶοηεῑ.
460 2490 526 2508 mss.
547 2482 710 2516 potuissetis
729 2482 896 2516 initia-(sere.

311 2523 324 2549 7
347 2522 374 2548 111
398 2522 457 2549 cod.
487 2522 532 2548 cit.
558 2521 623 2549 4901
652 2521 695 2548 hic
719 2521 843 2548 additur:
870 2532 882 2546 «
901 2521 939 2549 El
958 2522 1019 2549 alla

276 2570 378 2589 mana:
395 2562 551 2589 Gratia»
574 2565 626 2588 etc.

310 2602 327 2628 8
346 2601 384 2629 ld.
403 2602 462 2629 cod.
479 2602 517 2630 sil
531 2609 638 2636 semper
654 2601 792 2629 vobiscum
807 2609 904 2634 amen,
916 2601 1019 2636 piissi-

1269 1026 1456 1061 EPISTOLA
1481 1026 1507 1060 ΙΙ
1522 1026 1554 1060 ¹⁰.

1047 1118 1195 1151 [1111110113
1217 1128 1275 1150 cur
1300 1118 1489 1151 litterarum
1513 1117 1719 1162 exemplaria
1737 1118 1795 1152 Ia-

1091 1172 1239 1205 stim'ano
1265 1171 1303 1204 de
1325 1172 1388 1214 fide
1414 1172 1539 1205 tradita
1563 1171 1606 1204 acl
1628 1172 1795 1205 Arienam

1092 1230 1296 1269 caeterosque
1315 1226 1401 1258 viros
1425 1225 1572 1258 illustres
1596 1225 1704 1258 adhue
1729 1236 1796 1259 non

1092 1280 1231 1319 miserit,
1258 1279 1454 1312 catholicam
1478 1279 1517 1312 cle
1543 1279 1667 1313 Christi
1686 1279 1795 1312 incar-

1092 1333 1226 1365 natione
1239 1332 1425 1365 doctrinam
1445 1332 1628 1374 confirmat,
1652 1337 1681 1365 el
1697 1333 1796 1366 Acoe-

1095 1390 1246 1418 melenses
1271 1386 1454 1427 monachos,
1484 1396 1635 1429 sequaces
1651 1386 1797 1419 Nestorii

1096 1440 1195 1472 vilari
1214 1439 1312 1472 iubet.

1050 1521 1180 1547 Ioannes
1199 1519 1361 1554 Episcopus
1381 1520 1541 1553 Romanus,
1567 1519 1741 1547 illustribus
1762 1527 1797 1548 ac

1085 1564 1254 1598 magnificis
1270 1564 1344 1591 viris
1366 1564 1488 1597 Avieno,
1508 1564 1795 1597 Senatori‚Liherio‚

1087 1609 1238 1642 Severino,
1264 1609 1368 1641 fideli,
1394 1609 1491 1641 Avito,
1514 1608 1657 1643 Opilioni,
1679 1609 1796 1642 Ioanni,

1086 1653 1223 1688 Silverio,
1241 1654 1443 1682 clementiano
1465 1657 1496 1681 et
1511 1654 1644 1688 Ampelio
1661 1658 1696 1682 11.

1095 1724 1178 1758 Olim
1204 1725 1360 1769 quidem,
1396 1725 1537 1759 illustres
1569 1731 1599 1758 et
1631 1725 1797 1768 magnifici

1051 1778 1131 1819 filii,
1169 1780 1209 1812 ad
1242 1779 1303 1812 hoe
1334 1779 1513 1812 sententiae
1548 1789 1638 1812 meae
1670 1789 1797 1813 summa

1051 1832 1256 1874 constiterat,
1288 1838 1323 1866 ut
1347 1838 1420 1866 ante
1450 1832 1625 1866 iussionem
1643 1838 1794 1874 vestram,

1051 1892 1223 1931 postquam
1238 1887 1392 1930 epistolae
1409 1887 1457 1919 vel
1472 1886 1631 1929 dogmatis
1652 1891 1797 1920 tenorem

1053 1946 1168 1974 cuncta
1181 1941 1333 1982 Ecclesia,
1346 1940 1408 1974 hoc
1422 1946 1479 1982 est,
1496 1941 1704 1974 sacerdotum
1714 1938 1735 1957 ¹²
1748 1951 1798 1975 se·

1087 2059 1103 2086 9
1123 2059 1197 2091 Quae
1218 2061 1347 2095 sequunt.
1369 2058 1467 2086 desunt
1491 2057 1517 2085 in
1543 2067 1569 2085 n.
1596 2058 1655 2086 cod.
1678 2058 1758 2092 4961,
1775 2058 1797 2085 si

1053 2108 1107 2132 not.
1124 2105 1282 2141 chronolog.
1294 2104 1422 2140 excipias,
1439 2112 1509 2139 quae
1524 2104 1561 2131 ibi
1573 2104 1609 2131 ita
1624 2103 1796 2131 enunciatur.

1053 2150 1122 2178 Dal.
1139 2156 1188 2176 1111
1208 2150 1266 2176 hal.
1288 2150 1360 2184 Apr.

1087 2194 1121 2220 10
1142 2195 1179 2221 Ex
1194 2193 1281 2221 Labb.
1299 2193 1407 2221 Concil.
1425 2194 1531 2220 collect.
1550 2195 1614 2220 tom.
1631 2200 1657 2227 v,
1675 2193 1726 2220 col.
1744 2193 1797 2221 896

1053 2243 1080 2267 et
1102 2247 1133 2266 ex
1156 2239 1252 2266 Baron.
1277 2239 1309 2265 ad
1332 2247 1396 2265 ann.
1420 2239 1471 2266 53¹2
1489 2247 1515 2265 u.
1533 2246 1615 2271 xx1u3
1637 2246 1651 2265 e
1672 2237 1759 2264 tribus
1780 2245 1795 2265 a

1053 2283 1148 2311 Carasa
1165 2283 1243 2310 editis
1260 2283 1326 2310 haec
1344 2283 1423 2310 tertia
1439 2286 1597 2309 numeratur
1612 2290 1671 2317 pag.
1690 2282 1751 2309 578.

1091 2330 1117 2355 11
1138 2328 1225 2355 Caras.
1239 2327 1429 2361 Clementino,
1442 2329 1468 2354 el
1481 2327 1646 2361 Amphelt'o,·
1657 2326 1705 2353 sed
1717 2326 1796 2353 Cont.

1053 2373 1143 2400 Const.
1169 2381 1232 2400 mss.
1256 2372 1326 2399 hanc
1346 2372 1408 2399 lect.
1430 2371 1463 2398 ad
1483 2375 1603 2398 nostram
1629 2371 1796 2399 accomodat.

1055 2419 1138 2446 Porro
1154 2418 1247 2445 Carasa
1262 2417 1340 2444 aliam
1357 2416 1449 2444 adhib.
1463 2417 1641 2452 interpunct.:
1662 2426 1672 2441 α
1687 2416 1796 2442 Avieno

1054 2464 1210 2497 Senatori,
1239 2462 1355 2490 Liberio
1384 2461 1538 2495 Severino,
1568 2460 1666 2488 Fideli
1692 2459 1796 2494 Avito,

1056 2509 1203 2543 Opilioni,
1234 2508 1342 2535 Ioanni
1371 2507 1514 2541 silverio,
1542 2505 1740 2537 CIementino,
1770 2507 1797 2531 et

1055 2553 1208 2588 Amplzelio
1226 2562 1250 2580 1>.

1092 2598 1122 2624 1⁶2
1144 2598 1242 2624 Barou.
1265 2596 1359 2624 habet:
1382 2596 1585 2630 sacerdotum,
1602 2595 1744 2627 Senatus,
1771 2596 1797 2620 et

275 2649 318 2669 me
331 2642 383 2677 fili.
400 2642 429 2669 ln
445 2642 490 2669 cit.
506 2641 565 2670 cod.
589 2642 655 2669 1427
668 2642 803 2678 piissime
818 2642 862 2677 fill
877 2641 1018 2670 omittitur.
1050 2642 1164 2678 populi.

1831 1779 1872 1800 Cur
1879 1779 1960 1799 litteras
1969 1779 1995 1798 de

1812 1806 1852 1826 lide
1866 1806 1939 1826 lustin.
1953 1808 1995 1825 tra-

1812 1833 1867 1853 ditas
1903 1832 1995 1853 nondum

1812 1859 1982 1881 οοωωυυιεῦήυ
