2244 3183
201 191 253 218 An.
275 191 305 218 C.
321 190 373 218 535

262 519 346 538 Poenae
362 518 382 538 in

199 545 376 566 contra-ticonius.

221 1263 250 1284 Ad
268 1263 378 1284 Iustiniani

195 1290 306 1316 epistolam
330 1296 379 1311 con·

194 1317 316 1337 firmandam
342 1317 379 1338 liu-

194 1344 226 1364 ius
254 1345 322 1364 textus
349 1345 379 1364 in-

195 1372 271 1392 sertur.

228 1689 377 1710 contentiones

194 1716 220 1735 de
236 1716 276 1736 fide
292 1716 377 1736 obortas

194 1742 322 1763 lustiniauus
346 1743 378 1763 in-

194 1769 246 1791 nuit.
255 1771 275 1789 et
283 1775 343 1789 suum
351 1769 377 1790 de

193 1795 219 1816 iis
230 1795 329 1816 edietum.

253 1968 376 1990 uniusmodi

437 181 500 214 5:30

398 250 494 284 quam
513 250 571 284 pro
592 239 811 273 submovenda
831 238 1067 272 haereticorum
1085 249 1137 272 su-

397 294 541 338 spicione
565 293 708 338 paternis
730 293 850 335 regulis
875 298 1105 326 consonantem
1128 292 1134 308 ¹

398 347 558 391 praesenti
591 345 778 380 delinitione
810 345 988 386 firmamus,
1009 349 1137 379 sanctae

398 399 657 434 υοιηιῑιυηίοιιίεἵ
674 399 832 432 efficiatur
850 404 1029 432 extraneus.
1046 399 1137 432 Unde

399 460 429 487 et
453 454 578 498 Cyrum,
606 453 739 497 eiusque
767 452 951 497 sequaces³,
977 452 1039 485 iam
1064 457 1137 486 ante

398 517 457 551 pio
477 506 536 540 liae
565 506 688 540 insania
713 506 751 539 ab
773 505 932 540 Ecclesiae
961 505 1137 539 catholicae

398 559 628 594 communione
649 570 831 604 suspensos,
846 565 877 593 et
899 559 930 593 in
955 569 1012 592 sua
1029 559 1138 593 bacte-

396 625 456 647 nus
469 613 606 657 persidia
625 619 863 657 permanentes,
887 612 947 646 nisi
968 613 1026 646 sub
1047 613 1138 646 satis-

396 666 516 700 fatione
541 666 696 700 canoniea
721 666 900 700 doctrinam
927 666 1136 710 apostolicam

395 720 513 754 suerint
534 720 709 761 consecuti,
726 720 910 753 nullatenus
926 719 1069 764 patimur
1083 730 1136 754 eos

394 783 504 806 sacrae
536 773 757 806 communioni
787 773 928 807 restitui:
953 774 1008 807 sed
1040 773 1135 807 etiam

393 831 428 858 ut
454 826 634 860 haereticos
655 826 851 860 anathemati
876 826 1077 868 subiicimus,
1102 832 1137 860 ut

394 879 468 923 qui⁴
485 879 603 913 nostris
624 880 906 914 constitutionibus
926 891 1042 925 parere
1060 891 1135 915 con-

394 933 571 977 tempserit,
593 934 844 968 ecelesiasticum
870 940 987 969 statum
1005 935 1132 980 purita-

396 993 527 1032 temque
547 998 611 1022 non
634 989 782 1022 maculet.

458 1131 574 1166 Toxlus
598 1137 705 1165 (cirtem
733 1132 889 1176 epistotae
914 1133 966 1166 laic
991 1135 1077 1167 081³:

444 1270 455 1288 «
473 1258 507 1291 In
526 1256 657 1290 nomine
670 1257 796 1290 Domini
820 1257 919 1290 nostri
937 1258 1006 1291 Iesu
1021 1257 1134 1292 Christi

394 1310 460 1351 Dei,
484 1310 685 1354 Imperator⁶
704 1310 819 1344 Caesar
838 1310 965 1344 Flavius
989 1310 1136 1344 Iustinia—

394 1374 465 1405 nus,
481 1364 738 1405 Alemannicus⁷‚
762 1364 929 1406 Gothicus,
946 1364 1132 1407 Francicus,

393 1417 616 1458 Germanicus,
640 1417 784 1459 Anticus,
809 1418 972 1460 Alanicus,
987 1418 1135 1452 Vandali-

394 1481 460 1512 cuS,
473 1471 653 1512 Africanus,
669 1471 755 1512 Pius,
769 1471 866 1513 Felix,
876 1472 1135 1513 lnclitus,Victor

393 1536 429 1558 ac
453 1524 684 1568 Triumphator
704 1535 833 1569 semper
849 1525 1023 1568 Augustus,
1050 1527 1133 1569 Aga-

392 1584 467 1622 peto
491 1577 693 1612 sanctissimo
710 1578 720 1593 ⁸
743 1578 996 1623 Archiepiscopo
1031 1579 1134 1613 almae

393 1631 482 1665 urbis
501 1631 622 1665 Romae
643 1637 671 1665 et
693 1631 907 1666 Patriarchae.

443 1687 550 1719 «Ante
573 1691 699 1729 tempus
720 1686 752 1719 in
773 1685 833 1719 hac
853 1686 942 1728 regia
968 1687 1048 1721 urbe
1076 1698 1134 1721 no-

393 1745 457 1773 stra
486 1740 704 1784 quorumdam
726 1741 766 1773 de
797 1751 893 1774 causa
924 1740 1000 1774 fidei
1032 1741 1135 1775 extitit

392 1793 545 1827 morbosa
570 1793 751 1827 contentio:
786 1805 884 1838 quam
905 1804 964 1828 nos
989 1804 1133 1838 congrue

392 1852 579 1890 respuentes
605 1846 795 1891 interposito
820 1847 949 1881 edict0⁰
978 1848 1132 1892 repressi-

393 1909 473 1932 mus.
490 1899 527 1932 Et
543 1899 619 1943 quia
636 1899 732 1933 studii
750 1900 850 1933 nostri
869 1906 916 1934 est
933 1907 1133 1944 emergentes

392 1953 576 1987 huiusmodi
607 1964 718 1988 causas
747 1955 786 1988 ad
813 1955 1016 1999 Apostolieae
1043 1955 1133 1990 Sedis

429 2110 439 2135 1
459 2108 559 2136 Baron.
575 2110 803 2136 consentaneam.

427 2153 443 2180 2
458 2152 525 2180 Male
541 2161 566 2180 n.
580 2152 639 2180 cod.
653 2156 679 2180 et
690 2152 776 2180 Caraf.
789 2156 888 2181 sancta
904 2154 1113 2182 commmzionc.

426 2198 443 2226 3
458 2198 558 2233 Nempe
573 2198 732 2225 Acoemetas
752 2197 807 2234 qui,
830 2200 923 2226 contra
942 2198 966 2226 S.
984 2199 1017 2226 Α.
1034 2198 1132 2226 delini-

392 2242 505 2276 tionem,
517 2242 654 2277 negabant
670 2242 807 2269 Christum
823 2251 906 2270 unum
923 2251 982 2270 esse
998 2252 1029 2271 ex
1045 2244 1133 2272 Trini-

392 2290 456 2320 tate,
473 2286 640 2322 proindeque
656 2286 684 2313 B.
701 2286 774 2321 Virg.
792 2286 903 2313 Mariam
922 2295 984 2314 vere
999 2295 1059 2315 esse
1075 2287 1134 2316 Dei-

391 2338 494 2366 param.
511 2329 570 2356 Vid.
588 2330 652 2365 Pag.
668 2330 701 2357 ad
717 2338 779 2357 ann.
794 2330 857 2366 535,
873 2339 901 2358 n.
917 2338 965 2358 ru.

428 2375 444 2401 4
458 2374 522 2401 cod.
544 2383 572 2401 n.
592 2377 621 2401 ut
634 2374 660 2402 si
675 2375 749 2409 quis.

427 2419 444 2446 5
458 2419 496 2446 Ex
512 2419 556 2446 cit.
571 2419 679 2447 Concil.
697 2420 807 2448 Collecc.
824 2421 876 2448 col.
892 2420 961 2455 93⁴5,
979 2421 1065 2449 Caras.
1082 2421 1133 2449 boe

393 2463 466 2497 loco3
484 2463 579 2491 Bai-on.
597 2463 663 2491 ibid.
680 2472 707 2491 n.
724 2471 790 2491 axx.

406 2507 410 2511 ”
427 2508 444 2534 6
466 2519 476 2534 υ
495 2508 598 2536 Caesar
615 2518 625 2534 i>
644 2507 717 2536 deest
734 2509 760 2535 in
780 2509 879 2536 Baron.

429 2553 442 2578 7
467 2552 707 2582 «Alamannicus
726 2563 749 2580 ».
773 2553 850 2581 Ceut.
868 2553 958 2582 Consi.
982 2562 1045 2581 mss.
1073 2563 1132 2582 cum

393 2596 478 2634 praes.
499 2597 558 2625 cod.

916 190 1069 214 Arrfixntx
1097 190 1239 214 nt'LLAntt
1266 191 1383 215 ttOMANt

1929 192 1980 218 An.
2003 191 2031 218 C.
2048 191 2101 220 535

1170 243 1292 272 vestrae
1316 238 1435 272 referre
1460 239 1628 280 iudicium,
1657 240 1799 274 eiusdem
1820 240 1907 282 fidei,
1926 253 2110 280 causasaasap.

1170 302 1266 336 quam
1309 293 1508 336 sequendam
1552 293 1701 326 duximus
1715 321 1722 335 ,
1763 299 1909 328 tenorem
1926 280 2097 306 '⁰s“‘'⁰⁵¹⁰¹¹⁰²;

1171 345 1326 389 epistolae
1356 351 1486 380 nostrae
1515 346 1669 380 insertum
1687 345 1711 363 ¹⁰
1733 346 1774 380 ad
1798 347 1910 380 heatae

1171 399 1348 432 memoriae
1365 399 1648 443 praedecessorem
1668 400 1911 433 vestrumloan-
1939 412 1989 434 noo
1999 413 2109 439 epistotam

1171 461 1245 485 nem
1264 463 1322 496 per
1335 453 1508 497 Hypatium
1523 458 1553 487 et
1564 453 1761 488 Demetrium
1780 464 1911 487 venera·
1926 439 2111 488 fflssfflffl‘ffi'r'ssl

1171 504 1252 539 biles
1265 505 1432 550 episcopos
1443 507 1538 540 missa
1548 507 1708 550 legatione
1723 506 1908 540 direximus.
1927 494 1993 513 ’‘⁰¹³''

1171 560 1272 598 Quam
1302 570 1362 604 pro
1394 560 1578 603 integritate
1606 560 1682 594 fidei
1715 567 1912 595 memoratus

1170 613 1402 657 praedecessor
1426 619 1531 648 vester
1551 613 1662 647 libenti
1695 614 1911 657 gratulatione

1170 666 1367 710 suscipiens,
1391 677 1448 700 suo
1475 678 1511 700 ac
1536 667 1634 701 totius
1658 667 1817 701 Ecclesiae
1841 669 1907 702 no-

1171 730 1286 754 manae
1311 721 1453 754 firmarit
1471 732 1614 755 assensu.
1635 721 1731 755 Cuius
1755 721 1911 766 epistolae
1939 731 2110 763 Suaeet¹³÷¹⁰l²⁸

1170 779 1298 808 nostrae
1320 780 1412 808 tenor
1430 774 1616 808 huiusmodi
1638 780 1702 808 est:
1722 774 1833 808 Victor
1851 775 1911 808 Iu-
1926 758 2064 822 lsslgss‘ffi'r'l?
2071 760 2110 807 '1‘1'1‘32

1169 828 1346 868 stim'amcs,
1370 828 1464 869 Pius,
1480 833 1539 861 etc.
1617 827 1796 862 Reddentes
1814 827 1910 861 hono·
1927 812 2020 838 ''mm''

1169 892 1248 922 rem,
1271 881 1476 926 Apostolicae
1496 881 1583 923 Secti,
1611 887 1672 916 etc.
1688 880 1720 916 ¹¹.

1219 936 1462 975 «Quamobrem
1480 936 1620 980 petimus
1633 935 1840 970 Sanctitatem
1859 946 1911 970 ve·
1927 943 2112 993 mfflauggffi}

1170 995 1286 1031 stram,
1315 995 1349 1023 ut
1374 995 1587 1023 memoratam
1613 989 1781 1034 epistolam
1806 995 1911 1024 vestra
1926 998 1988 1021 mari.

1170 1042 1359 1077 auctoritate
1372 1042 1520 1083 firmetis,
1544 1048 1574 1076 et
1591 1043 1717 1088 Cyrum,
1733 1043 1781 1076 vel
1795 1053 1911 1088 sequa-

1170 1107 1222 1129 ces
1237 1095 1333 1129 eius¹²
1345 1107 1363 1129 a
1376 1095 1605 1129 communione
1618 1095 1764 1130 habeatis
1778 1095 1911 1139 alienos,

1170 1150 1273 1183 donee
1290 1149 1416 1183 statutis
1440 1149 1622 1183 Sanctitatis
1639 1154 1760 1197 vestrae
1781 1149 1909 1184 obtem-

1170 1208 1294 1247 perent.
1310 1202 1489 1247 Eaeemplccr
1503 1203 1770 1247 subscriptionis:
1790 1203 1912 1238 Divini-

1171 1262 1216 1290 tas
1238 1262 1267 1290 te
1291 1261 1394 1290 servet
1413 1267 1471 1301 per
1491 1257 1610 1291 multos
1630 1267 1751 1298 annos,
1779 1262 1908 1299 sancte,

1170 1321 1206 1344 ac
1227 1309 1469 1353 religiosissime
1488 1311 1593 1345 Pater.

1212 1363 1281 1397 Dat.
1302 1363 1386 1408 prid.
1401 1363 1444 1397 id.
1468 1364 1557 1397 Mart.
1574 1363 1726 1398 Belisario
1746 1375 1774 1398 v.
1791 1374 1818 1398 c.
1835 1374 1911 1398 con-

1169 1417 1238 1450 sule
1253 1416 1274 1432 ¹³³
1293 1430 1321 1449 ».

1204 1478 1262 1506 Dat.
1279 1479 1323 1507 die
1340 1479 1372 1507 14
1388 1478 1463 1507 Mart.
1479 1488 1542 1507 ann.
1559 1480 1621 1508 535.

1260 1615 1438 1659 Hucusque
1457 1615 1593 1659 epistola
1614 1615 1809 1649 Iustiniani.

1938 1740 2047 1767 Epistulae
2055 1741 2109 1768 Aga-

1211 1739 1289 1772 lluic¹
1309 1739 1416 1782 igitur,
1438 1745 1471 1772 ut
1488 1738 1687 1783 praedictum
1710 1744 1768 1780 est,
1786 1738 1910 1772 confes·
1924 1768 1968 1794 peu
1977 1768 2093 1790 conclusio·

1166 1792 1261 1834 sioni,
1285 1798 1315 1826 et
1332 1792 1406 1825 huic
1426 1792 1502 1826 fidei
1523 1792 1668 1836 quisquis
1688 1791 1909 1826 contradicere

1167 1846 1429 1891 praesumpserit,
1453 1856 1470 1879 a
1495 1846 1653 1880 catholica
1679 1846 1908 1880 communione

1166 1911 1200 1934 se
1225 1900 1349 1934 noverit
1367 1900 1521 1934 alienum.

1211 1954 1324 1988 Datum
1346 1965 1386 1988 xv
1410 1954 1565 1987 kalendas
1585 1953 1704 1998 Aprilis
1727 1954 1908 1988 Constanti-

1202 2107 1217 2132 8
1233 2105 1271 2132 ld.
1289 2105 1419 2132 interiicit
1437 2114 1470 2132 ccc
1486 2105 1661 2134 beatissimo.

1202 2151 1218 2177 a
1238 2150 1293 2178 Hoc
1309 2149 1426 2178 edictum
1443 2150 1504 2177 vide
1527 2150 1598 2186 apud
1623 2150 1723 2179 Baron.
1745 2158 1816 2179 anno
1838 2150 1908 2187 533,

1167 2204 1193 2223 n.
1209 2203 1245 2222 vn
1262 2203 1338 2231 seqq.

1204 2240 1236 2268 10
1256 2240 1328 2267 llaec
1348 2248 1395 2268 vox
1415 2240 1559 2269 inscrtum
1574 2239 1651 2268 deest
1670 2239 1699 2268 in
1719 2239 1827 2274 Baron.‚
1841 2249 1907 2278 err.,

1166 2289 1194 2313 ut
1216 2285 1309 2318 videt„
1331 2289 1436 2321 typogr.

1203 2331 1231 2358 11
1255 2330 1339 2362 Quam
1356 2330 1408 2357 vid.
1425 2337 1483 2366 pag.
1501 2329 1553 2357 490
1569 2329 1595 2357 h.
1613 2329 1665 2358 vol.
1683 2333 1710 2358 et
1724 2329 1796 2367 apud
1809 2330 1905 2359 Baron.

1166 2383 1228 2402 ann.
1246 2375 1297 2403 533
1313 2383 1339 2402 n.
1356 2381 1403 2402 xit.

1203 2420 1235 2447 12
1255 2431 1266 2444 u
1286 2420 1332 2448 Vel
1346 2420 1453 2448 similes
1468 2419 1529 2447 eius
1545 2429 1568 2446 ν.
1585 2419 1664 2448 Cont.
1681 2419 1770 2448 Const.
1787 2427 1851 2448 mss.

1204 2464 1235 2491 13
1249 2464 1326 2492 Cont.
1343 2464 1436 2492 Const.
1454 2457 1514 2492 curii
1531 2472 1557 2492 n.
1573 2464 1633 2492 cod.
1647 2467 1712 2500 post
1726 2465 1907 2493 consulatum

1168 2508 1255 2535 Betis.
1272 2509 1325 2536 vir.
1346 2509 1381 2535 cl.
1398 2517 1473 2535 cons.
1490 2508 1509 2535 i.
1525 2517 1550 2536 e.
1567 2516 1630 2536 ann.
1647 2509 1709 2537 536:
1727 2508 1800 2544 quod
1815 2512 1843 2536 et
1857 2516 1906 2536 nos

1167 2552 1282 2580 dicimus
1302 2552 1380 2588 paulo
1401 2556 1460 2588 post
1482 2562 1543 2581 cuin
1559 2554 1625 2589 Pag.
1641 2556 1667 2582 et
1686 2552 1752 2582 Jaffe
1772 2552 1805 2581 ad
1825 2553 1905 2582 finem

1168 2597 1244 2633 epist.
1261 2597 1373 2634 Agapeti
1389 2605 1450 2634 pag.
1467 2606 1525 2634 seq.
1541 2601 1597 2627 not.
1613 2607 1633 2626 1.
