2244 3183
60 239 108 266 An.
129 237 156 264 C.
174 236 225 263 460

77 1522 98 1543 ln
113 1522 238 1544 Germaniae

56 1550 77 1570 et
91 1549 173 1570 Galliae
195 1550 239 1576 opi-

55 1580 131 1602 ncopos
141 1577 241 1602 plurimo-

55 1607 98 1624 rum
107 1603 239 1629 querimonia

913 238 938 261 S.
964 237 1026 261 LEO
1047 238 1057 262 Ι
1077 238 1127 262 ΓΡ.

255 284 422 318 severitate
448 285 588 319 Hilarius
608 285 767 319 coercitus
795 284 911 325 discat,
933 297 996 319 non

1683 230 1746 263 199,

1032 297 1139 319 sermo
1159 293 1366 330 pervenerat,
1393 292 1488 331 atque
1515 287 1553 320 dc
1577 287 1647 320 aliis
1668 298 1777 321 ncces-

256 344 376 372 temere
398 340 578 382 transgredi
600 339 752 373 terminos
778 339 927 383 antiquos
947 350 997 372 ca·
1031 340 1123 373 sariis
1133 341 1357 374 ecclesiasticis
1376 341 1513 382 nogotiis
1529 346 1712 382 tractantes,
1729 352 1778 375 sa-

254 392 372 425 nonica
390 392 572 436 prolatione
593 393 754 426 fundatos.

298 446 411 478 Datum
434 451 491 480 vsu
515 446 585 480 idus
605 446 757 487 Ianuarii,
774 446 998 480 Valentiniano

254 500 398 541 Augusto
420 500 456 532 IV
477 505 508 532 ct
529 500 647 533 Avieno
668 500 855 533 consulibus
869 500 887 533 ¹.

291 553 350 581 Dat.
371 553 413 581 die
429 554 445 580 (5
459 555 590 582 Ianuarii.

432 706 618 740 EPISTOLA
650 706 784 740 CXXVII
797 706 818 739 ².

256 803 450 837 Germaniae
459 808 487 837 et
499 803 629 837 Galliae
642 805 798 847 episcopos
812 804 998 848 obiurgyans,

298 862 383 906 quod
404 863 630 906 chorepiscopis
661 863 828 896 nonnulla
860 874 999 896 munero

297 920 413 953 illicite
419 922 654 963 permitterent,
665 931 747 964 quae
756 921 805 954 his
812 922 998 962 interdicta,

299 989 382 1022 quae
391 980 536 1014 obeunda
546 982 658 1014 statuit
665 993 678 1021 ,·
690 986 757 1014 tum
775 992 935 1015 ccmonnm
949 992 1001 1014 cu-

297 1038 437 1071 stodiam
454 1040 490 1071 in
511 1039 685 1072 sacrandis
701 1040 853 1083 episcopis
868 1042 997 1083 (frares-

297 1097 375 1129 sime
395 1098 613 1140 praecipiam,
635 1098 672 1130 de
699 1097 853 1142 Lapicini
885 1109 1000 1139 causa,

298 1155 394 1198 deque
409 1157 510 1188 sacris
518 1156 697 1199 rz'rqinihus
711 1156 918 1190 barbaricam
935 1157 1000 1189 rio-

299 1212 436 1246 lentiam
452 1215 611 1257 perpessis
624 1219 762 1247 mentem
771 1226 864 1248 suain
876 1216 996 1248 innm't.

254 1292 311 1321 Leo
327 1295 475 1321 Romanae
492 1294 646 1322 Ecclesiae
663 1297 693 1322 et
707 1295 899 1329 Apostolicae
915 1295 999 1322 Sedis

289 1344 448 1379 episcopus
469 1345 619 1372 universis
647 1345 869 1373 Germaniarum
882 1366 889 1377 ‚
910 1349 1000 1379 atque

289 1393 453 1422 Galliarum
478 1394 634 1429 reqionum
654 1395 803 1429 episcopis
824 1396 962 1423 salutem.

298 1465 376 1499 Cum
397 1465 429 1498 in
446 1466 501 1499 Dei
523 1467 655 1499 nomine
676 1466 708 1499 in
729 1467 875 1500 Romana
890 1467 999 1500 Eccle-

254 1518 301 1552 sia
324 1519 482 1563 synodum
512 1519 739 1563 episcoporum
760 1520 824 1553 sive
850 1527 996 1554 caetero-

254 1583 328 1606 rum
349 1574 628 1615 consacerdotum,
654 1573 833 1617 Christique
853 1574 998 1607 fidelium

256 1626 470 1660 coadunatam
498 1627 734 1667 habuissemus,
763 1633 793 1660 et
814 1628 852 1660 de
870 1628 1001 1661 ordina—

255 1679 398 1713 tionibus
423 1680 560 1722 illicitis,
588 1691 686 1724 super
712 1680 829 1724 quihus
854 1681 1001 1714 crebrior

254 1734 295 1767 ad
320 1744 379 1768 nos
411 1733 540 1767 illarum
570 1734 713 1779 partium
747 1735 999 1769 commeantium

290 1843 301 1867 1
319 1840 361 1868 ΑΙ.
376 1847 405 1868 111
419 1841 489 1869 idus.
500 1841 569 1869 Ann.
579 1845 669 1869 autem
686 1841 783 1869 incert.
796 1846 846 1877 est,
859 1843 880 1869 si
892 1842 1001 1878 quidem

254 1885 404 1913 consularis
418 1890 482 1914 nota
504 1886 570 1913 nulli
592 1895 655 1914 ann.
679 1887 812 1922 congruit.
834 1887 1002 1915 Valentinia-

252 1939 304 1958 nus
315 1930 387 1958 enim
403 1931 514 1966 August.
532 1938 557 1958 lv
571 1940 669 1967 gerens
682 1932 850 1960 consulatum
867 1933 1001 1960 Avenium

253 1975 385 2011 collegam
407 1984 460 2003 non
483 1976 589 2009 habuit3
616 1976 659 2004 liic
683 1981 784 2010 autem,
810 1987 892 2013 quum
907 1977 1000 2006 consul

253 2020 315 2055 suit,
336 2020 453 2048 Hilarius
469 2029 483 2048 e
502 2021 568 2048 vivis
584 2021 694 2049 exierat.
712 2022 787 2049 Unde
802 2022 930 2050 Balleriu.
947 2023 998 2051 loc.

253 2064 298 2092 cit.
316 2064 431 2092 alterum
455 2069 646 2101 argumentum
661 2066 694 2094 ad
716 2066 785 2094 hanc
807 2075 849 2103 ep.
874 2067 999 2095 reiicien-

253 2109 315 2137 dam
330 2109 505 2146 depromunt.
841 2136 844 2140 .

288 2155 304 2182 2
325 2155 401 2183 Hanc
417 2156 569 2191 Qucsnell.‚
591 2156 692 2192 aliique
712 2157 838 2184 mutilam
856 2157 999 2194 praebent,

254 2208 343 2236 neque
360 2201 518 2229 authentiae
528 2206 592 2229 nota
606 2202 761 2238 insignitam
774 2202 936 2230 existimant.
954 2203 1001 2230 lsi-

253 2244 319 2273 doro
335 2248 424 2273 tamen
441 2246 622 2274 adscribenda
644 2255 697 2273 non
728 2247 843 2281 videtur,
868 2256 950 2282 quum
974 2248 1000 2274 iu

253 2290 312 2318 cod.
330 2290 386 2318 vat.
398 2291 460 2325 600,
477 2291 521 2327 qui
539 2299 634 2327 puram
650 2291 792 2320 Isidorian.
810 2292 999 2320 collectionem

253 2336 385 2371 praefert,
409 2345 460 2364 nou
481 2336 642 2364 inveniatur.
670 2337 763 2373 ltaque
783 2346 842 2365 eam
859 2337 953 2365 damus
969 2347 1000 2366 ex

252 2380 311 2408 Vat.
329 2380 387 2408 cod.
407 2382 474 2409 1340
489 2390 560 2409 saec.
577 2382 664 2409 circit.
681 2389 735 2417 xm,
751 2382 777 2409 in
795 2391 848 2418 quo
859 2383 916 2411 solo
932 2383 1000 2411 inte-

253 2433 329 2461 gram
344 2426 466 2462 reperire
487 2426 572 2454 licuit.

289 2470 306 2498 3
323 2480 335 2497 α
360 2470 425 2498 Cod.
456 2471 483 2498 S.
515 2471 607 2498 Crucis
634 2480 652 2498 α
677 2472 861 2506 quibusdam.
891 2473 1000 2500 Garsiae

254 2514 371 2550 Loaysac
399 2515 472 2542 edit:
502 2516 621 2550 septimo
649 2516 784 2543 examine
812 2517 938 2544 relatum
961 2520 1001 2544 est

253 2559 351 2593 nobis,
378 2560 664 2588 venerandissimum
688 2561 835 2595 quondam
854 2561 1000 2596 Ayapium

256 2604 445 2632 Cordubensis
464 2605 543 2634 urbis
562 2605 723 2640 episcopum
742 2607 908 2641 frequenter
932 2615 1000 2641 pre-

255 2645 381 2680 sbyteros
396 2646 561 2681 destinasse,
578 2646 640 2681 qui,
662 2646 774 2674 absente
796 2646 944 2682 Pontifice,
960 2647 1001 2675 al-

338 2699 411 2735 App.
427 2699 505 2727 aaa.
527 2701 608 2728 nom.
628 2715 663 2721 -
680 2700 739 2727 Vol.
760 2701 785 2728 1.
947 2701 981 2729 25

1033 404 1168 437 rrosque
1190 405 1330 428 canones
1351 396 1530 438 relegentes
1548 396 1684 429 solerter
1697 396 1778 438 egis-

1032 457 1150 487 semuS,
1164 458 1181 480 a
1192 448 1319 481 multis³³
1334 449 1525 481 lacrimabili
1537 450 1625 481 vultu
1640 449 1777 482 relatum

1033 506 1079 533 est
1092 501 1196 540 nohis,
1214 503 1301 545 quod
1319 503 1449 545 quidam
1470 504 1715 536 Germaniamun
1731 509 1779 536 at-

1033 565 1094 597 que
1107 555 1282 588 Galliarum
1296 556 1424 589 urbium
1437 557 1580 600 episcopi
1594 558 1779 601 frequenter

1033 607 1296 651 chorepiscopos,
1314 609 1368 652 qui
1382 609 1466 642 iuxta
1485 621 1624 643 canones
1636 611 1778 643 Neocae-

1032 661 1219 702 saricnses⁴,
1233 662 1298 695 sive
1307 664 1484 696 secundum
1500 664 1635 697 aliorum
1652 665 1778 697 decreta

1032 715 1175 755 Patrum,
1199 715 1284 749 idem
1301 721 1375 748 sunt
1395 716 1449 759 qui
1468 722 1496 749 ct
1519 718 1711 761 presbyteri,
1729 718 1776 750 vel

1034 768 1255 813 presbyteros5
1266 769 1475 807 destinarent,
1489 770 1543 813 qui
1558 770 1688 804 absente
1699 781 1780 814 pon-

1036 822 1119 856 tifice
1137 823 1252 856 altaria
1270 823 1441 865 erigerent,
1458 824 1686 868 basiliscasque
1700 835 1779 858 con-

1034 884 1207 911 secrarent.
1226 878 1318 918 Quod
1329 878 1458 921 quidem
1481 885 1603 912 nonest
1615 879 1733 912 mirum
1748 879 1779 911 id

1035 932 1236 975 praecepisse
1268 932 1353 964 viros
1381 932 1616 965 ecclesiasticae
1637 933 1779 976 discipli-

1035 995 1094 1018 uae
1117 985 1257 1027 ignaros,
1282 986 1369 1029 quod
1391 991 1439 1018 est
1459 985 1634 1019 canonicae
1650 986 1780 1028 regulae

1035 1039 1234 1071 contrarium
1247 1038 1268 1079 ⁶,
1293 1044 1324 1071 ct
1343 1039 1449 1072 statim
1471 1050 1488 1071 a
1514 1039 1671 1072 saeculari
1697 1039 1780 1071 mili-

1036 1091 1078 1125 tia
1099 1091 1130 1124 in
1148 1092 1347 1125 sacerdotale
1369 1092 1583 1125 ministerium
1603 1093 1776 1135 delegatos,

1035 1151 1132 1189 atque
1152 1152 1321 1189 promotos
1334 1146 1353 1179 ⁷.
1377 1146 1461 1188 Ergo
1487 1156 1527 1179 ne
1547 1146 1633 1178 ultra
1653 1157 1669 1179 a
1689 1145 1780 1179 vohis

1034 1199 1357 1244 licentiausurpetur,
1369 1199 1535 1233 communi
1545 1199 1704 1233 sententia
1714 1205 1779 1233 sta-

1037 1253 1193 1286 tuendum
1213 1253 1223 1269 8
1243 1254 1405 1297 oportuit,
1430 1253 1578 1294 scientes,
1602 1253 1679 1297 quia
1698 1253 1781 1286 sicut

1035 1307 1269 1351 chorepiscopo
1282 1308 1331 1340 vel
1345 1308 1534 1352 presbytero
1547 1308 1557 1324 ⁹
1575 1307 1685 1340 illicita
1704 1318 1780 1340 con-

1034 1361 1171 1394 secratio
1193 1367 1239 1394 est
1259 1361 1386 1401 altaris,
1411 1361 1453 1394 ita
1471 1367 1502 1394 et
1522 1361 1720 1394 constitutio.
1745 1362 1779 1394 ln

1035 1414 1148 1447 divinis
1159 1414 1243 1447 enim
1257 1414 1381 1454 litteris,
1396 1414 1613 1458 praecipiente
1626 1414 1775 1454 Domino,

1034 1468 1124 1500 solus
1151 1467 1325 1511 Moysesin
1341 1468 1550 1501 tabernaculo
1568 1467 1622 1500 Dei
1636 1466 1658 1484 ¹⁰
1678 1468 1778 1500 altare

1034 1521 1151 1558 erexit:
1166 1522 1252 1554 solus
1267 1521 1334 1564 ipse
1351 1520 1483 1561 unxitfl,
1501 1521 1556 1564 qui
1570 1521 1681 1564 utique
1692 1531 1779 1553 suni-

1035 1585 1106 1607 mus
1119 1574 1140 1591 ¹⁸³
1161 1575 1312 1608 sacerdos
1332 1575 1386 1607 Dei
1409 1580 1497 1613 crat,
1522 1574 1604 1607 sicut
1623 1574 1777 1617 scriptum

1035 1633 1081 1660 est
1096 1628 1134 1661 dc
1147 1627 1234 1661 00¹³:
1253 1628 1375 1671 Moyses
1398 1632 1426 1660 et
1446 1628 1560 1661 Aaron
1579 1629 1616 1660 in
1635 1627 1779 1660 sacerdo-

1036 1681 1122 1713 tibus
1142 1681 1211 1713 esus
1224 1681 1255 1714 ¹⁴.
1279 1681 1423 1725 Ideoque
1439 1682 1470 1714 id
1485 1682 1573 1725 quod
1596 1687 1719 1714 tantum
1734 1682 1779 1714 sa-

1035 1745 1108 1768 cerc
1132 1735 1365 1779 principalibus
1386 1734 1406 1751 ¹⁷¹
1427 1736 1633 1768 sacerdotum
1656 1735 1776 1768 iussum

1036 1841 1116 1869 laria
1130 1841 1284 1876 eriqerent,
1307 1841 1440 1869 basilicas
1456 1844 1657 1869 consecrarent
1673 1851 1696 1868 1².
1717 1841 1779 1868 Bal-

1035 1885 1112 1913 lerin.
1132 1886 1201 1920 Opp.
1219 1886 1250 1913 S.
1266 1886 1368 1913 Leonis
1384 1889 1449 1912 tom.
1468 1893 1498 1920 11,
1516 1886 1566 1912 col.
1586 1886 1665 1913 1270.

1071 1931 1087 1957 [ι
1105 1941 1115 1954 <c
1140 1930 1196 1957 Duo
1217 1930 1295 1957 codd.
1315 1931 1514 1958 Caesarienses
1530 1942 1552 1957 0.
1568 1929 1718 1957 Ballerin.l.
1738 1938 1760 1956 c.

1074 1975 1090 2002 5
1112 1986 1123 2000 «
1142 1975 1205 2003 Cod.
1228 1976 1288 2002 Vat.
1315 1975 1362 2002 541
1391 1975 1489 2002 omittit
1509 1977 1551 2003 vel
1568 1976 1777 2010 praesbyteros.

1036 2015 1132 2043 Garsia
1143 2015 1244 2050 Loaysa
1259 2015 1291 2042 ad
1305 2016 1417 2051 margin.
1428 2019 1517 2043 notat:
1540 2016 1676 2047 «Recens,
1688 2018 1715 2042 et
1734 2015 1781 2041 dc-

1038 2059 1150 2092 pravata
1172 2056 1254 2084 editio
1275 2056 1359 2083 habet
1379 2057 1591 2092 clzov·‹7›iscopos
1609 2056 1647 2083 vel
1660 2056 1779 2090 presby-

1037 2100 1120 2131 teros,
1132 2097 1177 2133 qui
1188 2101 1278 2125 tamen
1286 2097 1360 2124 iuxta
1375 2105 1492 2124 canones
1507 2105 1589 2124 unum
1605 2100 1668 2123 suut
1679 2107 1704 2123 n.
1722 2096 1781 2123 Bal-

1034 2137 1114 2165 lerin.
1130 2139 1148 2165 l.
1167 2146 1190 2165 c.

1070 2183 1086 2210 6
1104 2192 1116 2209 <t
1128 2183 1159 2209 In
1173 2183 1269 2218 Loays.
1287 2182 1351 2209 edit.
1369 2182 1568 2214 desuntverba,
1589 2182 1665 2217 quod
1680 2184 1718 2210 est
1734 2190 1779 2208 ca-

1035 2227 1151 2255 nonicae
1173 2229 1292 2262 reynlae
1312 2228 1495 2255 contrarium
1512 2237 1535 2253 n.
1558 2226 1683 2254 llallorin.
1709 2227 1725 2253 l.
1754 2235 1776 2252 c.

1035 2267 1192 2302 Perpcram.

1070 2313 1085 2339 7
1104 2322 1114 2338 α
1128 2312 1193 2339 Ead.
1206 2312 1270 2339 edit.
1289 2320 1404 2348 expung.
1415 2315 1563 2347 promotos
1576 2321 1598 2338 ι.
1613 2311 1709 2338 Ilaller.
1722 2311 1737 2337 l.
1753 2319 1776 2337 c.

1069 2358 1084 2385 8
1103 2357 1164 2384 Cod.
1183 2361 1234 2383 vat.
1252 2358 1298 2384 541
1318 2360 1453 2385 statuere.

1069 2397 1085 2423 9
1105 2406 1115 2423 α
1126 2397 1220 2432 Laoys.
1229 2396 1292 2424 edit.
1303 2397 1595 2431 tantunipresbytero»
1605 2418 1609 2424 .
1618 2396 1718 2424 Baller.
1728 2395 1743 2421 l.
1753 2404 1775 2421 c.

1072 2437 1104 2463 10
1120 2437 1157 2463 ld.
1175 2436 1233 2463 cod.
1252 2436 1337 2463 omitt.
1361 2437 1426 2465 Dei.

1072 2478 1100 2504 v11
1124 2477 1232 2504 Numer
1250 2483 1298 2511 vu,
1313 2478 1335 2503 1.

1071 2517 1103 2544 12
1123 2516 1188 2544 Cod.
1206 2517 1252 2543 cit.
1273 2517 1405 2544 sacerdos
1424 2517 1533 2544 summi
1553 2517 1618 2543 Dei.
1636 2517 1711 2544 Mate.

1073 2562 1103 2589 13
1120 2572 1130 2587 α
1143 2562 1237 2597 Laoys.
1255 2561 1319 2588 edit.
1341 2561 1414 2588 delet
1427 2562 1460 2588 de
1476 2570 1506 2588 co
1525 2571 1547 2588 ›>.
1570 2561 1695 2589 Balleriu.
1715 2562 1731 2588 l.
1750 2570 1774 2588 r.

1069 2607 1103 2633 14
1124 2607 1166 2634 Ps.
1184 2613 1275 2641 xcvnt,
1293 2608 1319 2633 ti.

1071 2648 1103 2675 15
1123 2647 1187 2675 Cod.
1206 2647 1250 2676 cit.
1268 2655 1328 2674 cum
1343 2647 1366 2674 al
1395 2647 1459 2675 edit.
1477 2648 1668 2682 principibus.

1811 240 1859 266 Αιι.
1876 240 1903 267 C.
1925 241 1977 268 460

1823 940 1899 960 llorutu
1916 940 1979 959 inwi-

1796 968 1845 987 tiam
1862 969 1937 991 carpit,

1816 1205 1892 1225 ‚Iltaris
1903 1207 1980 1225 rom-ti-

1794 1232 1847 1252 tutio
1883 1232 1980 1257 cli-»rriu-

1794 1264 1863 1285 scnpts
1875 1259 1954 1278 illicita,

1808 1525 1866 1547 Qum!
1884 1530 1894 1543 1Χ
1912 1530 1977 1544 sari-1<

1795 1553 1870 1571 tnui-ris
1892 1552 1979 1570 ali-ninu-

1795 1580 1879 1597 stratur.
