2244 3183
257 206 308 233 Λιι.
326 207 354 233 C.
371 206 423 233 458

488 197 550 230 too

974 207 1126 231 APPENDIX
1152 206 1301 231 BULLARII
1323 207 1442 232 ROMANI

271 268 356 288 ιἰιωιη
368 269 439 288 ι·.-.,ι.-.
456 255 627 288 vindictam
642 256 686 288 sic
706 256 832 289 Domini
847 255 967 289 iudicio
985 256 1131 288 volumus
1146 265 1196 288 re-
1212 254 1216 279 ¹
1232 255 1448 289 convenirent.
1473 255 1563 295 Quod
1590 260 1696 288 utrum
1718 254 1872 288 veraciter
1888 255 1970 286 stima

257 301 282 315 ιιι
298 295 386 316 unientem
403 296 439 315 nm

257 321 334 341 tultrin
356 324 385 341 est
409 328 439 342 rr*-

256 348 366 368 sotianda.

291 587 400 607 ‹ibam-rat,
417 588 439 605 nl

256 613 387 633 Alexan-Irin.
404 612 440 632 Ec-

255 641 332 659 rtesmr·
343 645 404 664 qunm
412 645 439 658 ci-

256 669 296 685 tm<
312 666 397 685 libertas
409 672 439 685 rt*-

255 694 363 712 «utuntur.

267 1538 356 1560 Anatolii
368 1538 439 1564 displi·

254 1567 345 1613 {teptiam
360 1566 439 1586 demul-

455 308 585 347 serrari,
605 314 637 341 ut
656 308 823 352 improbus
837 308 970 352 praedo,
987 314 1017 340 et
1035 307 1197 352 parricida

456 361 594 394 crudelis
626 361 657 393 in
689 361 829 404 seipsum
859 361 997 401 recidat,
1025 367 1056 394 et
1087 367 1195 395 nostra

455 424 519 447 non
546 419 661 447 teneat.
682 414 791 458 Neque
805 420 931 448 sanctae
952 415 1111 448 Ecclesiae
1126 415 1197 448 Ale-

455 467 628 500 xandrinae
643 467 885 501 lamentabilem
906 468 1122 512 captivitatem
1141 479 1196 512 pa-

456 521 578 553 tiamini
600 521 735 554 ulterius
762 522 959 565 prolongari,
985 522 1035 555 cui
1067 528 1197 566 oportet

456 574 531 607 tidei
550 579 671 608 vestrae
693 574 897 619 iustitiaeque
923 575 1085 620 praesidio
1106 587 1195 609 suam

456 628 579 661 restitui
596 628 789 669 libertatem,
808 634 842 661 ut
862 640 920 673 per
934 640 1046 663 omnes
1064 629 1196 674 Aegypti

457 681 552 714 nrbes
566 681 704 724 dignitas
724 682 852 715 Patrum
873 689 903 715 et
929 682 977 716 ius
999 683 1198 716 sacerdotale

456 739 633 778 reparetur.

498 788 612 821 Datum
634 789 828 822 duodecimo
857 788 1029 822 kalendas¹
1057 789 1193 833 Aprilis,

455 842 560 874 Leone
585 848 614 875 et
635 841 809 875 Maioriano
830 842 972 884 augustis
997 842 1193 876 consulibus.

490 902 547 929 Dat.
570 902 614 930 die
633 904 662 929 ⁹21
685 903 781 937 Martii,
802 912 846 930 an.
867 904 929 931 458.

644 1098 825 1132 EPISTOLA
851 1098 968 1133 CXVIII
981 1100 1001 1132 Ξ.

456 1206 622 1238 Dolentem
636 1204 789 1239 Anatolii
806 1205 954 1237 (mimum
969 1204 1117 1248 ‘delinire
1130 1210 1197 1238 slte-

498 1258 585 1297 ‹lcns,
609 1258 690 1301 qnid
706 1258 747 1290 αἱ)
772 1258 880 1291 Attico
901 1269 934 1290 eo
953 1259 1057 1301 maslis
1078 1259 1116 1291 de
1135 1259 1197 1301 lide

497 1316 640 1355 suspecto
657 1313 699 1344 sil
717 1312 957 1355 exquirendum
973 1312 1148 1356 siqmficol.

543 1402 600 1429 Leo
618 1402 778 1436 episcopus
801 1401 1107 1436 Anatolio‘episcopo.

500 1482 601 1516 Lectis
615 1482 796 1516 dilectionis
814 1487 886 1515 tuae
900 1482 1026 1523 litteris,
1047 1493 1126 1526 quas
1139 1493 1198 1526 per

455 1536 558 1570 filium
583 1542 729 1570 nostrum
750 1536 918 1569 Patritium
953 1536 1120 1570 diaconem
1143 1537 1193 1569 di-

455 1589 573 1629 rexisti,
595 1589 735 1622 intellexi
758 1589 815 1621 tibi
840 1589 981 1622 studium
1008 1588 1098 1622 meae
1128 1590 1194 1623 sol-

456 1642 631 1676 licitudinis
645 1642 826 1686 dIsplieere,
851 1653 914 1686 qua
933 1643 1111 1676 secundum
1134 1644 1194 1676 do-

456 1696 606 1729 minicam
628 1696 828 1735 charitatem,
857 1706 953 1739 quam
977 1696 1032 1728 tibi
1059 1707 1077 1729 a
1104 1696 1215 1729 nobis

455 1749 599 1792 impendi
617 1749 845 1792 experimentis
869 1749 1018 1793 plurimis
1037 1750 1197 1793 approba·
1213 1761 1215 1780 a

453 1803 504 1843 sti,
527 1803 566 1835 dc
587 1802 737 1835 cavendis
759 1802 818 1843 his,
843 1802 898 1846 qui
921 1803 1104 1836 communis
1120 1803 1215 1844 fidei:

453 1855 647 1889 adversarii³
664 1855 860 1895 dicerentur,
889 1855 1044 1889 admonui
1057 1856 1078 1896 ‘²3
1102 1867 1141 1889 ne
1156 1857 1196 1889 ad

453 1909 681 1951 negligentiam
703 1909 838 1942 rectoris
860 1909 1044 1950 referretur,
1068 1909 1093 1942 si
1111 1910 1216 1953 quis—t

453 1973 550 2006 qnam
572 1963 603 1995 in
621 1963 763 1996 Ecclesia
778 1962 937 1996 catholica
958 1973 995 1996 ea
1008 1963 1196 2007 praedicare

453 2021 686 2060 praesumeret,
704 2026 785 2060 quae
800 2016 1035 2049 haereticorum
1051 2016 1196 2050 sensibus
1213 2055 1214 2068 ἶ

492 2160 497 2183 l
521 2157 640 2184 Caeciar.
659 2158 675 2183 l.
688 2165 711 2184 e.
724 2165 784 2184 cum
796 2157 830 2183 al.
847 2157 890 2184 XI
903 2157 1051 2185 kalendas.
1068 2157 1134 2184 Jaffe
1150 2165 1194 2192 op.
1212 2134 1215 2214 i

453 2201 496 2228 cit.
519 2202 596 2228 nobis
616 2202 739 2228 assentit.
1213 2219 1215 2238 ι

487 2247 503 2273 2
519 2247 555 2274 Ex
565 2247 630 2274 edit.
645 2247 740 2274 Baller.
753 2247 823 2281 Opp.
836 2247 865 2274 S.
878 2247 982 2274 Leonis
994 2249 1012 2273 t.
1026 2246 1194 2280 1‚col.1342.

488 2294 504 2318 3
523 2302 535 2316 ιι
559 2291 624 2318 Cod.
646 2291 704 2317 Vat.
727 2291 875 2318 communi
903 2291 970 2325 fidei
996 2291 1149 2319 adversari
1172 2303 1195 2317 ·.
1214 2316 1215 2324 ,

453 2336 580 2363 Ballerin.
597 2337 616 2362 l.
634 2344 658 2362 c.
1214 2337 1215 2363 l

488 2382 503 2407 4
519 2381 579 2407 Vid.
597 2381 722 2416 praeced.
745 2381 825 2416 epist.
846 2387 908 2407 (txlu
931 2389 992 2416 pag.
1020 2380 1070 2408 169
1093 2379 1142 2408 col.
1171 2379 1215 2414 1,³

455 2433 512 2461 cap.
531 2431 564 2451 tv.

488 2470 504 2496 5
523 2481 535 2494 «
547 2469 612 2496 (clod.
625 2470 684 2496 vat.
695 2478 759 2496 cum
770 2479 791 2496 o.
805 2470 905 2497 Baller.
919 2470 969 2497 col.
985 2469 1063 2496 1343.
1077 2469 1197 2502 Rectius,

453 2517 481 2540 ut
496 2513 600 2550 opinor,
621 2523 646 2540 n.
665 2514 754 2542 lectio.
1214 2534 1215 2544 t

488 2559 504 2585 6
520 2558 637 2586 Caeciar.
664 2559 736 2593 Opp.
757 2559 788 2586 S.
809 2558 910 2586 Leonis
925 2563 994 2594 part.
1012 2566 1040 2594 11,
1056 2567 1117 2595 pag.
1134 2557 1196 2591 439,
1214 2555 1216 2579 ἒ

453 2612 515 2630 voce
529 2604 755 2632 haereticorum.

1231 308 1385 346 iactaret.
1424 308 1605 343 dilectionis
1642 314 1713 341 tuae
1742 308 1969 352 inquirendum

1232 361 1350 394 iudicio
1377 361 1531 402 delegavi.
1561 362 1669 404 Neque
1685 361 1715 392 in
1734 360 1842 404 aliquo
1867 360 1971 393 liono-

1232 425 1299 447 rem
1315 420 1403 447 tunm
1419 414 1507 454 laesi,
1523 413 1573 446 cui
1587 414 1597 428 '¹
1611 413 1812 446 discutienda
1824 423 1871 453 ea,
1889 424 1971 456 quae

1231 467 1270 500 ad
1293 478 1342 500 me
1363 472 1454 500 erant
1478 467 1612 511 perlata,
1645 465 1816 499 commisi:
1852 471 1886 498 ut
1910 466 1971 499 sci-

1232 520 1301 553 licet
1329 520 1451 553 Atticus
1478 519 1657 563 presbyter,
1683 528 1778 562 quem
1812 518 1887 551 talia
1914 529 1971 551 au-

1231 573 1307 606 dere
1333 582 1559 614 cognoveram,
1581 571 1640 604 nisi
1668 571 1809 615 perfecta
1829 581 1861 604 se
1882 571 1971 604 satis-

1214 618 1371 667 {factione
1401 630 1578 669 purgasset,
1602 630 1634 658 et
1665 635 1729 658 non
1761 625 1865 658 solum
1895 635 1972 658 voce

1232 678 1464 717 linei-aetissos¹‘'‚
1495 678 1549 711 scd
1571 677 1666 711 etiam
1687 677 1838 721 propriae
1859 688 1972 711 manus

1231 730 1468 774 subscriptione
1483 731 1677 770 damnasset,
1698 741 1716 763 a
1733 730 1972 764 communionis

1232 785 1333 827 gratia
1354 789 1436 818 esset
1456 784 1590 817 alienus.
1608 784 1667 823 Qui
1684 784 1801 828 scripta
1816 783 1972 817 mittendo

1232 837 1348 871 dubiae
1381 837 1456 870 tidei
1486 842 1516 869 et
1544 836 1778 881 professionis⁷
1814 837 1968 878 incertae,

1232 890 1458 924 contirniavit⁸
1481 890 1599 933 magis,
1632 900 1728 934 quam
1757 890 1850 924 diluit
1881 889 1971 934 quic-

1232 945 1308 989 quid
1330 945 1368 977 ad
1387 954 1445 978 nos
1470 944 1508 976 de
1530 954 1567 977 eo
1587 943 1670 976 sama
1689 944 1879 988 pertulerat:
1898 955 1971 977 cum

1232 997 1256 1030 si
1275 997 1504 1030 conscientiam
1540 1007 1631 1030 suam
1662 996 1811 1030 voluisset
1833 997 1973 1041 probare

1232 1051 1402 1089 sinceram,
1431 1061 1495 1083 non
1526 1050 1694 1095 Eutychen
1729 1050 1788 1083 sibi
1822 1050 1971 1084 odiosum

1233 1105 1339 1145 fuisse,
1367 1105 1421 1137 sed
1443 1104 1530 1147 quod
1552 1103 1721 1147 perfidiam
1742 1103 1841 1147 ipsius
1858 1114 1970 1147 repro-

1232 1159 1322 1191 baret
1332 1163 1427 1202 atque
1438 1158 1615 1198 damnaret,
1629 1158 1784 1191 debuerat
1792 1157 1971 1191 confiteri⁹:

1232 1211 1306 1255 quia
1332 1211 1419 1244 aliud
1440 1217 1513 1244 sunt
1533 1211 1694 1244 humanae
1716 1210 1810 1244 etiam
1827 1211 1910 1244 inter
1921 1222 1972 1244 ca-

1233 1265 1368 1298 tliolicos
1383 1264 1580 1301 simultates:
1598 1264 1687 1297 aliud
1709 1264 1873 1304 diabolici,
1890 1274 1972 1308 quos

1231 1318 1311 1351 tides
1332 1317 1489 1351 catholica
1510 1317 1651 1357 damnat,
1673 1328 1808 1350 errores.
1826 1317 1864 1350 Et
1883 1317 1968 1358 idco,

1232 1371 1329 1404 frater
1354 1370 1529 1411 carissime,
1557 1370 1589 1403 in
1619 1371 1708 1404 nullo
1727 1371 1824 1404 debes
1852 1371 1890 1404 de
1911 1380 1970 1403 no-

1231 1429 1296 1457 stra
1317 1423 1488 1457 dilectione
1521 1424 1680 1465 dubitare,
1713 1424 1737 1457 si
1769 1423 1970 1468 Prophethae

1231 1478 1413 1522 exemplum
1431 1477 1586 1521 sequaris,
1608 1483 1639 1510 et
1659 1477 1763 1511 dicas:
1784 1477 1899 1510 Nonne
1911 1478 1971 1521 qui

1232 1536 1258 1564 le
1282 1531 1427 1571 oderant,
1452 1531 1610 1570 Domine,
1639 1531 1767 1564 odoram
1793 1530 1914 1572 illosffl,
1942 1535 1971 1564 ct

1230 1595 1326 1628 snper
1362 1585 1513 1618 v'm'micos
1547 1589 1615 1617 tuos
1642 1583 1887 1617 tabescehamw
1909 1585 1970 1618 Per

1231 1638 1339 1671 omnia
1371 1638 1457 1671 enim
1483 1638 1555 1671 volo
1589 1643 1617 1671 te
1640 1648 1707 1672 esse
1740 1637 1966 1677 certissimum,

1230 1692 1316 1735 quod
1331 1691 1412 1725 sicut
1425 1701 1529 1724 meam
1545 1691 1812 1725 existimationem
1827 1691 1968 1724 illaesam

1231 1744 1325 1789 cupio
1347 1754 1550 1788 permanere,
1575 1744 1617 1777 ita
1639 1750 1715 1788 opto
1738 1750 1767 1777 te
1791 1754 1920 1788 quoque
1938 1744 1969 1776 in

1230 1797 1381 1831 omnibus
1393 1797 1709 1841 irreprehensibilem
1722 1797 1867 1841 reperiri.
1882 1798 1971 1830 Prae-

1214 1852 1334 1885 >dictus
1346 1857 1453 1885 autem
1466 1852 1588 1885 Atticus
1603 1850 1635 1891 ¹²,
1652 1857 1687 1884 ut
1707 1852 1746 1884 ab
1765 1851 1853 1885 omni
1868 1851 1970 1896 suspi-

1231 1905 1324 1939 cione
1349 1906 1512 1939 contraria
1531 1905 1614 1938 liber
1634 1910 1798 1949 appareat,
1830 1905 1907 1949 quid
1937 1905 1969 1938 in

1230 1959 1371 2004 Eutyche
1399 1958 1646 1992 anathematizet
1672 1969 1708 1991 ae
1730 1959 1878 1998 damnet,
1908 1958 1970 1992 evi-

1231 2013 1345 2045 denter
1365 2013 1523 2053 ostendat,
1544 2018 1575 2045 et.
1594 2012 1626 2045 in
1659 2011 1899 2045 damnationem
1921 2022 1970 2045 er-

1267 2155 1280 2181 7
1299 2166 1308 2177 ιι
1329 2154 1393 2181 Cod.
1410 2154 1491 2181 Taur.
1510 2154 1715 2189 promissionis
1729 2163 1751 2181 ιι.
1772 2153 1890 2181 Cacciar.
1908 2162 1968 2189 pag.

1230 2203 1292 2230 440.

1266 2251 1281 2278 8
1303 2262 1313 2275 u
1334 2251 1392 2278 Vat.
1413 2251 1465 2279 546
1479 2252 1630 2286 confirmat
1643 2261 1669 2278 n.
1686 2250 1812 2278 Ballerin.
1830 2250 1846 2277 I.
1865 2259 1888 2278 c.

1266 2302 1282 2327 9
1300 2311 1310 2327 α
1325 2301 1380 2329 Duo
1394 2303 1462 2328 Yatt.
1481 2301 1580 2329 debuit
1595 2302 1764 2337 profiteri».
1779 2300 1896 2327 Caeciar.
1914 2300 1932 2326 l.
1945 2309 1968 2327 c.

1270 2351 1300 2379 IO
1318 2362 1330 2375 «
1343 2351 1408 2378 Cod.
1420 2350 1501 2377 Vind.
1514 2359 1569 2377 eos:
1579 2353 1603 2377 et
1616 2350 1687 2377 infra
1698 2349 1834 2382 Qnesnell.
1846 2349 1917 2376 male
1928 2352 1971 2376 la-

1231 2400 1339 2427 bescant
1363 2407 1411 2435 pro
1436 2400 1610 2427 tabescebam
1629 2410 1655 2426 n.
1673 2398 1801 2426 Ballerin.
1819 2399 1836 2426 1.
1853 2406 1876 2426 c.
1905 2399 1971 2426 Illos

1231 2447 1306 2476 deest
1321 2449 1347 2475 in
1363 2448 1462 2484 vulgat.

1268 2502 1295 2526 ll
1320 2500 1360 2527 Ps.
1378 2507 1503 2535 cxxxvlii,
1521 2501 1565 2528 21.

1269 2553 1301 2580 12
1322 2563 1333 2579 α
1352 2553 1422 2589 Aliq.
1447 2554 1506 2581 cod.
1528 2553 1601 2581 delet
1623 2553 1734 2582 Atticus
1751 2562 1773 2581 ι.
1800 2551 1923 2580 Ballerin.
1945 2555 1972 2579 et

1232 2603 1351 2631 Cacciar.
1368 2603 1395 2630 Il.
1418 2611 1457 2630 cc.

2027 847 2106 868 Atticus
2118 847 2168 878 fidoi
2187 856 2190 869 τ

1986 879 2038 894 snae
2066 879 2169 900 suspicio·
2186 886 2191 895 ι

1987 906 2034 922 neni
2045 902 2116 926 auget.

2038 1377 2061 1399 S.
2079 1379 2122 1399 Leo
2143 1378 2170 1400 de

1986 1405 2082 1425 Anatolio
2097 1405 2168 1426 existi-

1985 1432 2098 1452 mationem
2109 1437 2168 1452 suam
2187 1447 2192 1450 .

1985 1458 2102 1484 profitetur.

1999 1856 2052 1880 Quia
2062 1856 2089 1876 ab
2100 1855 2168 1876 Attico

1986 1882 2133 1909 expetendum.
