2244 3183
51 239 102 266 Λιι.
122 237 150 265 C.
165 237 218 265 454

77 457 162 481 Qualem
179 455 232 476 Ana-

51 484 114 505 totius
132 484 151 503 in
175 488 233 502 com-

50 516 131 532 munem
144 509 232 534 gratiam

51 539 148 562 receptus
186 541 232 556 sesa

50 562 140 590 probare
149 562 232 583 debeat

92 1411 164 1441 (Iamsi
184 1417 231 1437 per-

49 1441 137 1459 versitas
148 1443 230 1464 compe-

47 1464 132 1487 scenda.

907 235 933 258 S.
957 235 1019 258 LEO
1041 235 1050 258 1
1070 235 1120 259 PP.

249 283 426 317 canonibus
440 283 629 323 abstinetur,
647 288 682 316 ut
698 292 833 325 regnum
852 287 990 315 vestrum

248 337 372 370 Christo
399 342 555 379 regnante
581 335 808 379 tranquillum,
839 335 962 368 Christo
985 334 989 351 ¹

249 390 441 423 defendente
466 389 507 422 sit
532 389 685 422 validum.
721 388 811 421 Unde
836 398 909 420 cum
935 398 992 431 per

248 442 358 476 onmia
375 453 426 476 me
448 442 638 476 clementiae
658 447 780 474 vestrae
798 451 913 485 parere
935 441 991 473 de-

249 497 360 536 lectet,
396 496 502 529 fratris
533 495 596 529 mei
629 494 769 528 Anatolii
801 494 989 527 charitatem

249 555 315 583 toto
336 551 433 583 corde
453 549 605 594 suscipio.
629 548 809 582 Amabilem
824 548 990 591 fidumque

248 613 281 636 se
301 603 466 647 praebeat,
490 608 521 636 et
540 603 579 635 ab
601 612 637 635 ea
657 612 754 647 quam
776 601 822 634 illi
846 601 990 645 spondeo

247 657 414 697 charitate,
435 657 524 689 nulla
543 667 576 689 se
595 655 747 699 deinceps
761 654 914 687 varietate
926 654 991 687 dis-

247 710 358 751 societ,
383 721 437 743 eos
451 710 510 743 sibi
530 710 656 742 sincera
673 709 843 742 affectione
857 708 991 741 coniun-

247 773 336 805 gens,
360 773 442 806 quos
467 762 644 796 catholicae
675 762 750 795 fidei
782 761 991 805 probavimus

248 816 442 849 defensores.
460 816 562 849 Habet
576 815 608 848 in
622 815 773 848 omnibus
785 820 909 847 vestrae
923 814 991 857 pie-

249 869 333 909 tatis,
350 869 438 912 quod
458 873 623 912 sequatur,
641 868 835 911 exemplumz
853 867 990 900 maxime

247 933 320 956 cum
341 922 548 964 benignitatis
568 927 691 955 vestrae
711 921 880 954 adiuvetur
904 921 991 954 auxi-

246 975 300 1008 lio.
322 975 550 1017 Suggestiones
571 980 679 1007 autem
706 973 813 1006 fratris
834 980 864 1006 et
884 974 991 1017 coepi-

246 1028 333 1072 scopi
355 1029 417 1061 mei
436 1028 561 1069 Iuliani,
597 1039 694 1072 quem
724 1027 835 1071 pietati
869 1032 990 1060 vestrae

246 1082 453 1121 commendo,
478 1092 598 1125 quaeso
627 1087 662 1114 ut
691 1080 880 1123 benignius,
909 1080 990 1113 sicut

246 1135 358 1176 facitis,
393 1135 540 1168 audiatis.
574 1136 641 1168 Hoc
670 1135 766 1168 etiam
802 1134 891 1166 fratri
917 1144 990 1167 meo

245 1189 394 1222 Anatolio
414 1189 571 1232 proderit,
589 1188 613 1221 si
633 1199 718 1229 eum,
742 1198 838 1231 quem
859 1197 918 1231 pro
939 1198 990 1220 ca-

247 1243 366 1276 tholico
381 1243 531 1285 dogmate
545 1242 610 1275 illic
624 1252 692 1275 esse
706 1241 804 1282 volui,
820 1241 990 1283 dignanter

246 1296 402 1330 babeatis.

290 1350 362 1383 Cn».
387 1350 434 1384 lV.
455 1349 537 1383 lllud
557 1349 665 1389 etiam,
695 1349 781 1393 quod
808 1349 989 1383 Constanti-

246 1403 453 1447 nopolitanae
474 1403 634 1436 Ecclesiae
654 1409 701 1436 est
725 1403 986 1444 saluberrinnun,

247 1466 339 1498 rogo,
363 1462 397 1489 ut
417 1456 552 1489 Carosus
573 1456 752 1489 monachus
773 1456 868 1489 nimis
890 1456 990 1499 impe-

245 1510 337 1551 ritus,
360 1509 522 1553 nimisque
543 1520 725 1553 perversus,
752 1509 819 1553 qui,
843 1515 876 1542 ut
902 1520 990 1542 eom-

245 1564 326 1608 peri,
350 1563 527 1596 multorum
548 1563 646 1596 corda
665 1563 831 1603 subvertit,
859 1573 914 1596 sua
936 1574 989 1596 ve—

245 1628 339 1657 nena,
363 1616 490 1660 pietatis
502 1621 625 1649 vestrae
643 1616 813 1656 beneficio,
828 1616 911 1649 ultra
924 1626 989 1649 non

245 1677 364 1712 exerat,
388 1681 428 1704 ne
448 1670 503 1704 ubi
524 1676 635 1704 saneto
661 1670 918 1703 mansuetudinis
938 1681 991 1704 ve-

244 1731 328 1758 strae
349 1725 455 1758 studio
470 1724 574 1758 omnis
587 1735 670 1768 pene
690 1725 928 1758 baereticorum
944 1732 990 1759 est

245 1783 379 1811 conatus
400 1777 566 1818 extinctus,
584 1777 628 1810 ibi
645 1788 703 1821 per
720 1777 813 1810 vilem
829 1788 865 1810 ac
880 1788 988 1821 repro-

245 1833 321 1865 bum
349 1833 519 1866 damnatae
552 1831 708 1875 perfidiae
733 1832 932 1864 defensorem
959 1837 987 1865 et

246 1885 320 1918 fidei
335 1891 456 1918 vestrae
477 1885 591 1928 gloria,
616 1891 644 1918 et
667 1885 831 1929 synodalis
852 1885 989 1918 violetur

246 1939 430 1972 auctoritas.

290 1993 403 2026 Datum
424 1997 539 2036 quarto
560 1993 713 2025 kalendas
733 1992 825 2032 lunii,
846 1993 938 2026 Aetio
960 1999 989 2026 ct

247 2046 358 2080 Studio
379 2045 453 2079 viris
471 2045 656 2080 clarissimis
677 2045 874 2079 consulibus.

283 2107 340 2134 Dat.
355 2107 398 2135 die
417 2108 451 2135 29
465 2107 538 2142 Maii,
560 2115 604 2134 an.
626 2107 687 2134 454.

445 2267 632 2300 EPISTULA
659 2267 745 2300 XCIII
763 2267 783 2299 ⁹.

245 2365 413 2397 Marciano
437 2363 637 2407 yratulstlus,
671 2364 757 2407 qnod
788 2365 856 2397 eius
880 2365 987 2398 studio

290 2418 328 2450 de
345 2418 497 2461 paschali
521 2417 572 2449 die
597 2417 743 2460 quaestio
767 2418 867 2460 suerit
891 2419 984 2450 abso-

291 2471 372 2511 luta,
400 2471 546 2504 Proterii
576 2470 801 2503 acescenti-ini
828 2471 932 2504 literis
956 2482 988 2504 sc

283 2596 293 2621 1
317 2606 329 2619 u
344 2594 408 2622 Cod.
427 2595 527 2631 {tatisp
555 2595 653 2622 omittit
677 2595 789 2624 Christo
811 2606 837 2622 υ.
859 2595 983 2624 Ballerin.

247 2638 298 2666 col.
316 2638 393 2666 1281.
410 2639 503 2667 Melius
517 2647 581 2667 sane
596 2647 623 2666 n.
640 2640 658 2666 l.

1675 224 1733 257 139

1070 283 1267 327 acquievisse
1280 283 1327 315 <til
1338 295 1346 315 .·
1369 287 1433 315 tum
1456 283 1678 326 imperatorem
1695 294 1767 325 prc-

1071 340 1175 373 ratur,
1200 340 1234 368 ul
1258 336 1669 369 Ecclesiaeoeconomorum
1692 346 1767 368 rau-

1070 399 1122 420 sas
1140 400 1226 421 mane
1247 394 1382 421 velerum
1400 389 1623 422 tantummodo
1637 390 1676 422 ab
1690 389 1767 432 Epi-

1068 442 1171 484 Μυρὼ·
1191 442 1424 474 ‹tiimlz'candm
1447 443 1533 475 relic.

1209 531 1265 558 Leo
1287 526 1437 558 Marciano
1457 532 1600 566 Augusto.

1070 601 1141 634 Car.
1166 602 1187 634 l.
1211 602 1469 636 Sollicitudinem
1485 614 1601 643 meam,
1617 605 1767 647 quamde
1823 617 1874 637 oum

1026 654 1167 698 paschali
1193 655 1396 688 observantia
1425 656 1534 695 habui,
1562 662 1672 690 saneto
1698 657 1764 689 clc-
1783 642 1877 666 ‘'⁴¹'dm'

1026 707 1165 740 mentiae
1181 714 1302 740 restrae
1323 708 1428 741 studio
1450 719 1508 752 pro
1524 720 1595 741 mea
1614 709 1766 752 petitione

1025 761 1171 802 gratulor
1202 761 1401 801 absolutam,
1437 761 1491 804 qui
1529 761 1711 804 diligentius
1736 762 1767 794 in

1025 814 1241 846 Alexandrina
1275 814 1416 847 Ecclesia
1454 814 1588 847 iussistis
1625 816 1764 858 inquiri,

1024 872 1132 900 utrum
1166 873 1252 900 recte
1278 868 1377 911 possit
1414 874 1526 901 octavo
1555 869 1765 901 kalendarum

1027 920 1184 953 maiarum
1210 921 1389 954 secundum
1416 921 1638 955 definitionem
1664 922 1767 954 Theo-

1025 973 1104 1016 phili
1127 974 1269 1018 episcopi
1294 980 1406 1007 contra
1425 981 1563 1008 veterem
1590 976 1764 1008 observati<

1026 1027 1101 1059 tiam
1123 1027 1230 1060 sutura
1251 1027 1410 1071 paschalis
1432 1028 1582 1061 festivitas
1597 1029 1764 1065 celebrari2

1026 1091 1097 1113 cum
1119 1091 1138 1113 a
1158 1081 1307 1124 passione
1333 1081 1459 1114 Domini
1482 1081 1513 1114 in
1534 1082 1685 1115 omnibus
1708 1093 1767 1115 no-

1025 1134 1098 1167 stris
1123 1135 1293 1168 annalibus
1328 1135 1472 1168 deeimus
1500 1136 1631 1179 quintus
1653 1136 1764 1169 kalen-

1025 1188 1139 1221 darum
1158 1188 1315 1221 maiarum
1338 1189 1404 1222 dies
1424 1190 1550 1232 legatur
1573 1190 1763 1233 adscriptus.

1025 1242 1086 1275 Sed
1105 1253 1176 1274 cum
1195 1242 1350 1286 :Egyptiis
1363 1243 1425 1276 alia
1443 1243 1525 1276 ratio
1544 1244 1678 1287 placeat,
1692 1254 1767 1276 con-

1024 1306 1153 1328 sensum
1180 1306 1302 1336 meum,
1326 1307 1366 1329 ne
1387 1307 1450 1340 qua
1471 1297 1685 1340 discrepantia
1710 1308 1767 1340 per

1024 1348 1206 1392 provincias
1217 1350 1255 1382 de
1270 1350 1472 1383 observantia
1494 1357 1556 1384 tam
1575 1351 1767 1384 venerabilis
1782 1364 1864 1396 {ens-¹¹¹
1882 1392 1884 1394 ι

1025 1402 1094 1435 festi
1116 1402 1219 1443 fieret,
1238 1404 1452 1445 commodavi,
1473 1410 1507 1437 ut
1521 1405 1766 1438 resurrectionis
1782 1386 1908 1406 mmmmm.

1025 1455 1207 1489 dominicae
1225 1457 1399 1490 maximum
1421 1458 1665 1491 Sacramentum
1692 1470 1767 1491 nus-

1025 1520 1120 1552 quam
1143 1509 1194 1543 die
1219 1510 1282 1543 alia
1307 1511 1500 1552 celebretur,
1541 1518 1571 1544 et
1602 1512 1685 1545 inter
1704 1513 1765 1546 Do-

1025 1562 1104 1594 mini
1126 1563 1309 1597 sacerdotes
1323 1564 1402 1596 niliil
1416 1564 1448 1596 in
1463 1569 1548 1598 tanta
1562 1565 1766 1598 solemnitate

1024 1614 1064 1648 sit
1081 1616 1227 1656 varium3
1255 1618 1311 1650 sed
1331 1628 1390 1660 per
1419 1617 1582 1650 universas
1611 1619 1766 1652 EcclesIas

1025 1669 1087 1702 Deo
1109 1675 1218 1703 nostro
1236 1680 1296 1714 pro
1316 1677 1439 1704 vestrae
1459 1671 1586 1715 pietatis
1603 1673 1765 1715 prosperi-

1025 1728 1086 1755 tate
1107 1723 1155 1756 vel
1169 1734 1269 1766 regno
1283 1724 1406 1767 pariter
1419 1725 1629 1768 supplicetur.
1647 1725 1766 1758 Literas

1024 1782 1130 1809 autem
1154 1777 1259 1810 fratris
1280 1783 1308 1810 et
1331 1778 1514 1822 coepiscopi
1541 1778 1603 1811 mci
1632 1779 1765 1811 Proterii

1024 1829 1257 1863 Alexandrinae
1277 1830 1412 1863 civitatis
1437 1831 1577 1874 episcopi
1600 1842 1650 1864 me
1671 1842 1763 1864 acce·
1782 1838 1906 1865 ‹minicfflwt

1024 1882 1106 1926 pisse
1127 1883 1284 1926 significo,
1308 1884 1425 1927 quibus
1442 1885 1529 1928 apud
1549 1884 1700 1928 pietatem
1715 1896 1767 1917 re-

1024 1942 1121 1970 stram
1137 1938 1175 1970 de
1193 1948 1265 1970 mea
1279 1937 1495 1971 consensione
1515 1938 1678 1982 respondi:
1702 1947 1766 1971 non

1024 1991 1099 2034 quia
1129 1991 1190 2023 boc
1220 1991 1302 2024 ratio
1335 1992 1502 2025 manifesta
1527 1992 1684 2029 docuerit,
1711 1993 1766 2025 sed

1024 2044 1099 2087 quia
1116 2044 1259 2084 unitatis,
1281 2055 1377 2088 quam
1399 2044 1536 2078 maxime
1554 2045 1762 2085 custodimus,

1024 2108 1100 2130 cura
1120 2098 1327 2141 persuaserit.

1067 2151 1139 2184 Cap.
1163 2149 1199 2184 Il.
1224 2152 1305 2184 Illud
1327 2151 1422 2184 ctiam
1443 2151 1764 2184 rationabiliterhuic
1787 2191 1789 2194 .

1024 2204 1177 2247 epistolae
1199 2204 1321 2237 credidi
1340 2205 1571 2248 copulandum,
1598 2209 1630 2236 ut
1653 2204 1690 2237 dc
1712 2215 1760 2243 co,
1780 2191 1836 2249 illisis·
1885 2217 1939 2250 ¹4⁴*

1023 2257 1110 2300 quod
1124 2257 1276 2300 pietatem
1296 2262 1431 2290 vestram
1447 2257 1610 2300 prioribus
1626 2257 1700 2300 petii
1716 2257 1765 2290 lit·
1780 2243 1876 2283 iiiiii-1*
1899 2244 1920 2256 ⁰¹
1934 2244 1952 2256 Ἠ

1025 2310 1110 2351 teris,
1129 2311 1330 2353 deprecarer,
1349 2316 1378 2342 ut
1397 2320 1591 2343 oeconomos
1613 2311 1764 2344 Constan-

1024 2363 1255 2406 tinopolitanae
1276 2363 1435 2397 Ecclesiae
1454 2374 1536 2396 novo
1558 2364 1716 2407 exemplO,
1734 2369 1764 2396 et

1023 2416 1219 2460 praecipuae
1245 2416 1371 2459 pietatis
1404 2422 1525 2449 vestrae
1553 2416 1760 2460 temporibus,

1023 2481 1040 2502 a
1060 2469 1196 2513 publicis
1215 2469 1376 2502 iudicibus
1395 2480 1457 2503 uon
1474 2469 1585 2504 sinatis
1599 2469 1715 2509 audiri,
1733 2476 1760 2501 et

1806 2157 1834 2177 liv

1056 2595 1073 2621 2
1090 2594 1125 2621 Ex
1149 2594 1214 2621 edit.
1236 2594 1361 2622 Ballerin.
1386 2596 1455 2630 Opp.
1481 2595 1511 2622 S.
1530 2594 1632 2622 Leonis
1654 2598 1719 2622 tom.
1742 2601 1760 2625 t,

1020 2640 1070 2666 col.
1090 2638 1168 2667 1282.

1798 233 1848 261 An.
1866 233 1893 260 Cr
1914 234 1964 260 454

1874 618 1923 634 uni.
1940 625 1943 633 ι

1894 642 1928 661 dic
1941 643 1966 661 fil·

1783 668 1886 688 lecbuu
1924 676 1966 688 sir

1783 695 1839 715 dium
1860 695 1965 715 absoluta.

1810 1306 1831 1325 L·
1841 1312 1886 1325 nnis
1897 1312 1916 1325 tn
1927 1306 1965 1325 liae

1783 1333 1965 1357 iestflgypttiwon-

1825 1366 1827 1368 ·
1907 1365 1966 1379 ¹suum

1800 1785 1890 1805 [tutam
1902 1791 1965 1805 causa

1783 1812 1871 1832 laudern
1888 1813 1959 1832 lutere

1890 2190 1914 2202 titi
1933 2191 1963 2203 {Tl-
