2244 3183
75 257 125 284 An.
144 254 171 282 C.
187 254 239 281 47ss

117 688 254 710 Alexandrina

72 717 151 738 ficales.
162 722 200 745 suf·
211 716 255 741 epi-

71 749 135 791 Ξυομυ
144 744 256 764 restituen-

87 776 105 790 a.

208 804 219 817 Ἰ

84 1118 171 1139 ,πώνης
184 1117 203 1137 in
214 1117 254 1143 pri·

71 1145 146 1165 ntinnin
170 1144 253 1165 minum

71 1171 203 1197 relegandus,

91 1546 178 1571 Augusti
194 1551 254 1572 prae-

20 1584 22 1590 v
71 1573 147 1594 sidium
170 1573 190 1593 in
206 1573 254 1593 tidei

20 1610 21 1614 =
71 1600 143 1621 hostes
160 1601 240 1621 exorat.

86 1974 139 2000 Spes
152 1974 213 1995 unies
223 1980 255 1995 Μ’

72 2001 120 2022 lutis
135 2002 217 2027 religio.

877 251 902 274 S.
928 251 1109 274 SlMPLlClUS
1129 252 1177 275 I‘P.

273 301 413 344 rigorem
434 311 562 334 sumere
589 310 654 334 non
679 305 784 344 potest
808 298 1009 332 renascendi:

271 366 330 388 nec
358 354 390 387 in
416 354 598 387 dominicae
618 353 689 386 vitis
716 350 910 385 fructivam¹
933 352 1014 384 valet

270 407 375 442 redire
395 407 620 452 propaginem,
638 406 724 450 quod
739 405 804 448 igni
822 405 1012 449 deputatum

270 467 395 495 constat
414 466 556 494 aeterno.

316 515 345 548 7.
376 514 407 548 Si
436 514 447 530 ²
476 514 646 547 haeresum
680 511 819 556 denique
846 511 1012 544 machina-

270 576 378 605 menta
398 575 586 603 cunctarum
608 567 832 602 ecclesiasticis
853 569 1030 611 prostrata

271 624 406 658 decretis
425 634 591 668 nunquam
609 622 758 656 sinuntur
771 620 1013 666 oppugnatione

271 678 349 712 elisa
369 677 514 722 reparari
535 675 722 715 eertamina;
743 680 816 708 ante
835 674 944 708 onmia
958 684 1013 707 au-

272 738 348 773 tem,
372 742 505 776 quaeso,
529 737 563 764 ut
580 730 665 764 beati
683 729 778 763 Marci
792 728 1012 771 Evangelistae

270 786 362 820 sedes
383 784 652 829 (Alexandrinam
678 784 795 828 loquor
814 782 1012 825 Ecclesiam)

270 852 288 874 a
308 839 524 874 cruentissimi
544 838 717 883 praedonis
742 836 948 870 incubatione
973 836 1012 868 li-

270 895 380 928 berata
400 893 559 926 catholieo
584 892 780 925 reformetur
798 889 948 930 antistiti,
972 889 1011 922 li-

270 949 493 991 bertatemque
527 956 619 980 suam
654 945 776 990 pariter
812 943 947 988 recipiat
983 949 1013 976 et

269 1002 422 1046 quietem.
451 1003 490 1034 At
517 1011 591 1034 vero
617 999 734 1044 impius
754 998 928 1043 parricida,
957 997 1011 1041 qui

270 1055 384 1089 divinis
401 1055 496 1089 simul
510 1060 557 1088 est
575 1065 650 1088 reus
670 1053 794 1096 legibus
808 1058 838 1085 et
851 1051 1012 1092 humanis,

269 1109 420 1143 reduetus
440 1109 566 1148 eodem,
584 1118 648 1152 quo
663 1107 732 1140 iure
753 1107 941 1139 fueratante
956 1105 1012 1138 de-

270 1169 386 1204 trusus,
410 1163 449 1196 ab
470 1161 692 1195 innocentium
720 1171 798 1194 nece
830 1159 1013 1193 retrahatur

270 1215 464 1248 animarum:
488 1214 603 1258 procul
630 1224 648 1246 a
675 1222 775 1255 regno
805 1211 933 1255 pietatis
953 1221 1008 1244 ve-

269 1274 353 1302 strae
384 1268 501 1301 funesti
529 1266 641 1311 eapitis
673 1276 795 1299 venena
827 1265 1009 1304 discedant,

270 1333 363 1366 quae,
387 1321 540 1366 quoniam
555 1320 738 1354 salutiferae
763 1318 1031 1365 praedicationis

271 1377 403 1410 auribus
424 1375 593 1416 obturatis,
620 1373 815 1407 medicantia
836 1373 931 1406 verba
959 1383 1011 1405 ca·
1029 1377 1031 1392 ²

270 1441 348 1475 pere
372 1429 598 1474 nequiverunt,
623 1428 662 1461 ab
683 1427 817 1461 humani
838 1432 1031 1460 conventus

270 1484 409 1518 abducta
429 1483 583 1528 pernicie,
600 1482 632 1515 in
645 1481 836 1515 virulentiae
847 1492 923 1514 suae
938 1491 1013 1513 con-

270 1550 350 1582 grua
367 1537 540 1571 solitudine
554 1536 792 1570 contabescant:
810 1545 874 1579 qno
890 1534 991 1576 magis
1003 1533 1014 1548 ³

270 1594 303 1626 B.
325 1591 409 1625 l‘etri
430 1590 574 1635 Apostoli
597 1600 672 1623 voce
692 1589 938 1633 qualiscumque
961 1598 1012 1621 se-

271 1646 319 1679 dis
346 1645 414 1678 eius
443 1644 590 1678 minister
620 1644 781 1683 obtestor,
806 1648 841 1676 ut.
865 1641 1013 1675 inimicos

270 1699 422 1743 antiquae
443 1698 516 1731 fidei
538 1709 602 1731 non
620 1697 847 1741 sinasiinpune
861 1696 1010 1739 grassari,

271 1753 326 1797 qui
348 1758 471 1785 vestros
489 1751 606 1795 optatis
625 1751 632 1767 ‘⁴
651 1751 769 1784 hahere
790 1750 963 1789 subiectos
979 1756 1012 1782 ut

271 1818 365 1841 verae
383 1806 593 1840 confessionis
610 1816 721 1849 pacem
745 1810 875 1838 cunctas
887 1803 1013 1837 Domini

271 1872 400 1895 servare
420 1860 601 1894 decernatis
626 1859 787 1899 ecclesias,
820 1858 875 1902 qui
901 1858 1013 1891 orliem

272 1916 366 1949 vestri
381 1915 509 1959 imperii
527 1913 715 1947 desideratis
729 1918 837 1946 tencre
850 1917 1010 1956 pacatum:

272 1975 300 2002 ct
323 1968 449 2001 unicam
471 1978 560 2011 spem
582 1967 703 2006 salutis,
728 1977 810 2010 quae
829 1970 930 2008 genus
955 1965 1013 1998 ho—

273 2023 397 2056 minum
419 2023 459 2056 ad
477 2032 577 2065 regna
594 2020 746 2055 eoelestia
766 2020 928 2064 vitamque
942 2031 1015 2064 per-

310 2177 318 2204 1
338 2176 377 2203 ΑΙ,
398 2176 592 2211 fructiferam.

307 2222 323 2248 2
340 2233 351 2247 a
370 2222 406 2249 Ex
426 2221 516 2257 Vigilii
537 2219 682 2248 constituto
702 2219 768 2246 haec
780 2219 955 2246 restituimus:
969 2219 1014 2247 Sic

271 2269 421 2295 haeresum
441 2266 563 2301 denique
584 2266 818 2293 machinamenta
843 2268 1014 2293 camelarton

271 2312 467 2340 ecclesiasticis
487 2313 635 2346 prostrata
656 2309 777 2337 decretis
796 2318 956 2345 nmnqnam
978 2309 1014 2337 si-

270 2361 384 2386 nuntur
403 2356 614 2392 02‚›puynatio⁷ze
634 2355 704 2382 elisa
724 2363 863 2389 reparare
880 2354 1014 2382 certami-

271 2411 321 2437 na,
346 2405 376 2431 ut
402 2402 519 2437 quidem
542 2401 628 2435 prins
652 2400 863 2428 confeceramus
883 2410 904 2426 ν».
935 2400 1011 2427 Cont.

271 2448 360 2476 Const.
378 2448 394 2475 l.
409 2456 431 2474 c.

307 2492 375 2519 3Al.
399 2500 453 2527 (μιο
482 2491 584 2526 maqz's,
613 2498 645 2517 ac
665 2490 767 2525 tanais.
792 2489 840 2517 Cit.
871 2489 930 2517 cod.
961 2498 1014 2525 quo

271 2537 363 2571 mayis
375 2537 515 2571 pietatm
537 2539 625 2563 luam.

308 2582 323 2608 [ι
343 2580 382 2607 ΑΙ.
400 2580 443 2607 hic
461 2580 524 2608 add.
541 2581 641 2607 hostes.

307 2627 323 2654 5
339 2637 350 2650 ι(
362 2626 457 2653 Baron.
468 2634 528 2653 cum
539 2625 612 2652 Binio
623 2624 711 2660 potius
720 2624 841 2652 Armate
855 2624 975 2651 Consule
989 2635 1010 2650 n.

273 2670 324 2698 Sed
344 2679 495 2706 perperam,
513 2679 594 2706 quum
616 2669 758 2697 Basiliscus
771 2668 944 2696 renuntiatus
960 2668 1015 2697 fue-

1029 464 1030 477 l

1029 495 1031 509 l

1695 242 1753 273 0211

1048 298 1138 332 ducit
1163 304 1345 340 aeternam,
1380 300 1469 333 nulla
1499 299 1667 344 patiamini
1699 304 1789 343 parte

1048 353 1171 394 violari,
1192 354 1246 397 qui
1267 354 1427 398 placatum
1443 354 1542 387 Deum
1557 354 1605 387 vel
1624 364 1723 396 regno
1737 364 1788 387 ve-

1046 412 1112 439 stro
1133 407 1260 450 cupitis,
1285 407 1332 440 vel
1352 407 1457 440 saluti.

1091 460 1168 493 Data
1196 467 1312 504 quarto
1338 462 1409 495 idus
1435 461 1611 502 Ianuarias,
1638 461 1788 495 Basilisco

1047 513 1191 555 Augusto
1209 515 1341 548 consule
1357 515 1377 547 ⁵.

1084 576 1145 603 Dat.
1162 575 1206 604 die
1224 576 1255 604 10
1270 577 1327 604 Ian.
1344 585 1388 604 an.
1400 578 1462 604 476.

1276 783 1460 818 EPISTOLA
1481 785 1519 818 Ill
1538 785 1558 817 ⁸.

1046 892 1200 925 Haereses
1238 892 1421 926 reviviscere
1465 893 1650 935 yram'ssc'me
1681 894 1791 926 dolens

1087 946 1262 989 probatam
1286 945 1366 978 cleri
1395 945 1459 979 CP.
1484 946 1703 979 constanciam.
1726 948 1792 980 suis

1090 999 1216 1032 roborat
1238 999 1402 1043 alloquiis,
1421 1010 1552 1043 cmnqac
1568 1000 1605 1032 de
1621 1001 1724 1033 missis
1749 1001 1792 1034 ad

1090 1054 1264 1093 Acacium,
1291 1058 1319 1087 et
1343 1054 1570 1097 imperatorem
1602 1054 1717 1087 littoris
1745 1055 1792 1087 ἰη-

1090 1108 1196 1140 struit.

1048 1205 1222 1240 Simplicius
1256 1205 1416 1241 Episcopus
1450 1206 1639 1241 Presbyteris
1674 1210 1705 1234 et
1740 1208 1792 1234 Ar—

1082 1250 1291 1278 chimandritis
1313 1251 1391 1284 apud
1412 1251 1699 1285 Constantinopolim
1721 1259 1790 1279 oon-

1083 1295 1214 1322 stitutis.

1091 1377 1151 1409 Per
1171 1376 1274 1410 filiuni
1296 1382 1443 1410 nostrum
1466 1377 1661 1410 laudabilem
1688 1377 1789 1411 virum

1047 1429 1264 1473 Epiphaniam
1299 1430 1415 1463 litteris
1446 1437 1569 1464 vestrae
1609 1431 1791 1465 dilectionis

1047 1483 1149 1517 serius
1171 1494 1268 1527 quam
1295 1484 1438 1517 voluistis
1463 1484 1603 1528 acceptis
1622 1485 1641 1525 7,
1671 1496 1789 1527 magno

1047 1548 1158 1570 smnus
1187 1538 1299 1571 dolore
1319 1538 1477 1581 permoti,
1508 1538 1596 1582 quod
1621 1538 1685 1571 illic
1707 1539 1791 1572 intra

1048 1591 1223 1624 Ecclesiam
1243 1591 1298 1625 Dei
1319 1592 1546 1625 scandalorum
1569 1592 1708 1625 recidiva
1733 1604 1790 1626 na-

1047 1650 1181 1678 scuntur
1200 1644 1361 1685 incendia,
1382 1645 1436 1678 uhi
1458 1645 1551 1678 toties
1571 1645 1581 1661 Β
1600 1645 1791 1680 auctoritate

1048 1699 1246 1742 apostolicae
1258 1699 1359 1739 Sedis,
1375 1704 1406 1732 et
1422 1699 1581 1732 sententia
1594 1700 1707 1744 s3‘nodi
1723 1700 1791 1732 uni-

1048 1752 1178 1786 versalis
1192 1752 1329 1786 extincta
1346 1758 1429 1785 sunt.
1448 1753 1502 1787 Cui
1523 1764 1664 1797 namque
1678 1753 1710 1786 in
1726 1760 1791 1787 toto

1049 1812 1206 1840 terrarum
1229 1807 1307 1840 orbe
1329 1818 1401 1839 cum
1427 1807 1636 1851 perversitate
1657 1808 1791 1849 dogma-

1050 1867 1115 1894 tum
1155 1860 1368 1894 nefandorum
1406 1861 1556 1902 Nestorii,
1595 1862 1788 1906 Eutyclietis.

1030 1933 1032 1941 v
1049 1914 1258 1958 Dioscorique
1276 1914 1453 1955 (lamnati03
1479 1915 1528 1947 eui
1543 1915 1704 1949 Timothei
1719 1927 1791 1949 rur-

1030 1999 1032 2018 3
1048 1980 1101 2002 sus
1113 1968 1348 2001 Alexandrinae
1358 1968 1517 2001 Ecclesiae
1531 1969 1713 2012 pervasoris
1727 1980 1790 2002 non

1049 2028 1095 2056 est
1127 2027 1204 2056 nota
1236 2022 1373 2056 deiectio
1387 2024 1401 2055 ⁶?
1427 2023 1527 2056 Testis
1550 2028 1596 2056 est
1624 2023 1766 2057 anterius
1782 2026 1793 2040 ⁹

1048 2175 1082 2203 rit
1101 2176 1249 2211 imperator
1264 2182 1326 2202 ann.
1339 2174 1398 2202 475.
1410 2185 1422 2198 »
1436 2174 1541 2201 Contin.
1553 2174 1643 2202 Const.
1663 2175 1679 2202 l.
1697 2184 1720 2202 e.
1739 2176 1788 2203 [ἠ-

1047 2221 1106 2257 gius
1126 2220 1231 2256 legend.
1250 2223 1371 2247 autumat
1385 2226 1410 2246 tr
1426 2220 1493 2247 Non.
1508 2220 1567 2246 Iun.
1587 2228 1624 2247 sc.
1646 2220 1662 2246 2
1679 2220 1748 2254 lun.,
1765 2224 1793 2247 ut,

1048 2266 1195 2294 Bollandus
1218 2265 1318 2292 iamdiu
1349 2264 1401 2291 fuit
1429 2264 1590 2300 suspicatus.
1615 2265 1681 2292 latre
1706 2270 1789 2293 nostr.

1048 2311 1143 2339 chron.
1165 2310 1306 2338 adhaeret.

1083 2357 1099 2383 6
1119 2356 1156 2383 Ex
1172 2355 1269 2383 Carasa
1292 2354 1382 2389 Epist.
1399 2355 1520 2382 Roman.
1538 2355 1669 2390 Pontifw.
1688 2359 1752 2383 tom.
1772 2364 1791 2389 1,

1049 2409 1109 2436 pag.
1131 2401 1193 2427 314.

1084 2445 1098 2472 7
1119 2445 1183 2473 (jod.
1201 2444 1258 2471 Vat.
1279 2444 1346 2471 5617
1359 2444 1511 2479 perceptis.

1084 2491 1099 2517 8
1123 2501 1134 2514 «
1152 2489 1236 2517 Lahl).
1261 2489 1357 2523 totius,
1376 2488 1424 2516 sed
1439 2489 1539 2516 rectius
1555 2489 1663 2517 toties».
1685 2488 1790 2517 Contin.

1048 2535 1136 2563 Const.
1155 2535 1172 2560 l.
1194 2543 1217 2560 c.
1234 2533 1317 2561 Mans.
1342 2534 1375 2560 ad
1392 2542 1475 2569 marg.
1499 2534 1561 2560 «At.
1580 2534 1662 2561 toties
1676 2543 1699 2560 n.

1083 2579 1099 2605 9
1114 2580 1133 2606 A
1141 2579 1252 2606 ›atei-ius
1262 2577 1444 2613 vocatEphes.
1453 2577 1596 2605 concilium
1605 2578 1637 2604 ad
1647 2578 1792 2605 discrimen

1048 2624 1177 2660 Ephesia.
1198 2622 1341 2650 latrocinii.
1359 2623 1435 2650 Cont.
1454 2623 1544 2650 Const.
1563 2623 1578 2650 l.
1598 2632 1621 2650 c.
1648 2623 1712 2650 Cod.
1731 2624 1791 2649 Vnt.

1049 2669 1116 2696 5017
1132 2668 1278 2703 superius.

1823 251 1870 277 An.
1889 253 1918 278 G.
1937 251 1987 277 476

1821 1382 1879 1412 Dolet
1890 1383 1992 1404 haereses

1807 1414 1943 1430 romiscerc.
