2244 3183
471 218 534 249 :kmi

967 226 1070 250 APPEN
1077 226 1128 249 tux
1149 225 1299 250 BULLAntt
1318 226 1437 251 ROMANt

1216 273 1311 315 Dicis,
1335 275 1421 318 quod
1448 275 1529 307 male
1547 279 1577 307 te
1597 274 1761 307 Romanus
1782 278 1955 306 tractetse-

1218 332 1322 360 natus.
1337 327 1367 361 Si
1382 338 1439 361 nos
1460 333 1489 360 te
1510 327 1593 360 male
1614 331 1798 365 tractamus,
1819 326 1955 359 suaden-

1220 385 1264 413 tes
1281 386 1316 413 ut,
1337 380 1483 414 discedas
1500 381 1539 413 ab
1554 379 1743 419 haereticis3
1758 384 1790 412 tu
1804 389 1862 412 nos
1875 379 1956 412 hene
1979 390 2153 417 Anastasiustpse
2197 370 2200 398 Ϊ

1218 437 1345 471 tractas,
1381 444 1462 477 quos
1489 433 1535 466 vis
1563 433 1688 466 sociare
1707 431 1957 476 praecipitanter
1971 423 2154 491 ῗιῗέἒιῑιῗιῖιῗὲωῗέἓῖ
2186 423 2193 465 J

1971 473 1991 491 c!
2008 476 2112 491 Memoris
2123 476 2155 491 ra-

1218 486 1411 520 haereticis‘?
1433 487 1515 526 Quid
1542 486 1582 519 ad
1615 496 1676 526 me,
1704 485 1841 528 inquies,
1868 485 1956 528 quod
1973 499 2013 518 tur.

242 228 289 254 Αη.
308 229 336 254 (j.
356 228 406 254 5¹2

439 277 462 310 si
491 278 604 315 litero,
647 276 721 319 quia
751 276 782 308 itl
815 275 928 314 mavis,
959 280 988 307 te
1014 278 1184 306 accusante

440 329 614 369 convictus,
637 329 815 361 amissurus
832 327 900 371 pari
922 327 1062 367 ratione,
1079 326 1104 359 si
1119 336 1183 359 non

440 382 628 421 conviceris,
641 381 842 423 dignitatem.
859 380 902 414 Sit
916 380 1000 413 istud
1015 379 1046 412 in
1061 379 1183 412 mundo

441 435 607 474 iudicium,
630 439 795 478 spectante
812 432 892 467 Deo*
908 439 937 466 et
958 433 1080 475 angelis
1102 432 1180 474 eius,

440 489 660 532 spertfflulum
692 487 781 521 omni
813 488 943 520 saeculo
974 487 1086 527 simus,
1119 496 1183 529 quo

281 714 426 734 Samnitotati,

242 746 251 756 r·
285 746 341 765 imm
368 742 426 764 puto-

341 768 426 786 lttlritttr

243 794 333 813 huumna
360 801 389 812 -wt
405 800 424 813 c*

241 769 295 785 <hile

305 1670 427 1694 linit-wathit

245 1695 339 1715 Ponttlcx
364 1696 428 1715 huno-

244 1722 331 1742 rantlus.

440 548 492 575 aut
515 542 666 575 sacerdos
690 542 793 574 lionae
813 541 907 581 ritae,
931 546 987 573 aut
1007 540 1185 584 imperator

444 596 613 638 religiosae
635 595 812 629 modestiae
839 599 1056 637 consequatur
1076 603 1184 626 exem-

441 650 541 693 plum.
567 649 646 687 Quia
667 648 715 681 his
733 647 906 692 praecipue
924 647 1050 680 duobus
1071 645 1184 679 officiis

442 703 563 744 regitur
585 702 763 735 humanum
784 712 894 744 genus,
909 707 941 734 ut
961 710 1025 734 non
1047 700 1161 733 debeat
1175 698 1185 715 '²

441 756 564 799 aliquid
586 766 697 788 eorum
713 755 859 792 existere,
876 764 940 798 quo
953 754 1053 787 valeat
1065 752 1183 786 otl‘endi

441 809 601 849 divinitas,
620 809 757 842 maxime
775 820 847 841 cum
869 813 1005 850 uterque
1022 807 1129 839 honor
1140 805 1185 837 vt-

441 864 556 896 deatur
575 872 643 895 esse
660 867 846 905 perpetuus,
866 866 963 903 atquc
983 859 1024 892 ita
1043 859 1185 891 humano

440 915 551 957 generi
578 925 613 948 cx
639 915 795 948 alterutro
828 913 1026 947 consulatur.
1054 912 1183 952 Precor,

441 970 636 1013 imperator,
659 978 737 1012 pace
761 974 813 1001 tua
839 967 992 1005 dixerim,
1022 969 1185 998 memento

442 1027 471 1054 te
492 1020 670 1057 hominem,
699 1026 731 1053 ut
759 1019 860 1063 possis
881 1018 926 1051 uti
951 1027 1104 1050 concessa
1128 1015 1185 1048 tilii

440 1073 591 1108 divinitus
605 1078 778 1117 potestate3
796 1072 873 1115 quia
886 1070 1010 1104 etiamsi
1032 1070 1111 1102 haec
1125 1069 1185 1102 suh

442 1133 584 1165 humano
607 1130 796 1174 praevenire
823 1129 964 1170 iudicio,
985 1129 1044 1161 sub
1077 1127 1185 1161 divino

440 1196 572 1219 necesse
587 1189 680 1217 estut
699 1183 912 1217 discutiantur
932 1181 1090 1215 examine.
1107 1181 1185 1214 For-

443 1238 533 1272 tassis
556 1238 700 1270 dicturus
722 1248 766 1277 es,
790 1236 946 1279 seriptum
973 1245 1063 1268 esse:
1087 1233 1186 1268 Omni

441 1291 592 1335 potestati
612 1301 668 1323 nos
692 1289 837 1323 subditos
862 1299 925 1322 csse
951 1287 1092 1321 debere&
1124 1287 1186 1319 Nos

442 1344 573 1388 quidem
598 1348 771 1387 potestates
789 1343 946 1376 humanas
963 1351 1022 1374 suo
1035 1342 1107 1373 loco
1127 1350 1184 1372 su-

442 1398 608 1441 scipimus⁷
636 1398 739 1430 donec
767 1402 879 1429 contra
892 1396 993 1429 Deum
1015 1405 1089 1428 suas
1103 1393 1188 1426 non⁴

443 1451 569 1494 erigunt
591 1452 781 1483 voluntates.
799 1450 946 1483 Ceterum
967 1449 993 1482 si
1015 1448 1119 1481 omnis
1129 1458 1188 1492 po-

443 1509 537 1537 testas
554 1515 574 1536 a
595 1504 660 1537 Deo
684 1508 740 1544 est,
769 1503 868 1545 magis
890 1513 966 1545 ergo
987 1512 1069 1545 quae
1093 1500 1188 1533 rebus

443 1564 489 1591 est
514 1558 702 1602 praestituta
731 1557 856 1590 (livinis,
880 1556 973 1590 Deser
992 1556 1058 1589 Deo
1080 1554 1110 1586 in
1131 1564 1188 1587 no-

443 1612 502 1651 his,
535 1618 565 1644 et
595 1622 653 1645 nos
675 1611 878 1644 deseremus5
897 1611 962 1643 Deo
983 1610 1014 1642 in
1036 1614 1076 1641 te.
1101 1608 1187 1642 Cete-

445 1677 514 1699 rum
541 1666 565 1698 si
600 1671 631 1699 tu
656 1666 719 1698 Deo
744 1675 809 1698 non
830 1664 987 1703 dese1'as⁶‚
1012 1673 1076 1695 non
1098 1668 1187 1706 potes

444 1719 512 1752 eius
526 1719 570 1753 uti
589 1718 768 1762 privilegio,
790 1718 880 1751 euius
902 1718 972 1750 iura
992 1715 1183 1749 contemnis.

489 1773 584 1812 Dicis,
616 1772 702 1816 quod
735 1782 874 1811 mecum,
902 1770 1110 1814 conspirante
1131 1780 1184 1802 se-

444 1826 563 1865 natu⁷‚
592 1825 940 1859 excommunicaverim
962 1830 1002 1857 te.
1028 1824 1088 1855 Ista
1109 1822 1184 1866 qui-

443 1880 516 1912 dem
539 1890 610 1921 ego,
634 1880 689 1912 sed
710 1879 947 1912 rationabiliter
965 1879 1082 1910 sactum
1096 1888 1113 1909 a
1126 1877 1184 1909 de-

443 1933 624 1966 cessoribus
651 1932 728 1965 meis
753 1932 821 1965 sine
839 1931 937 1965 dubio
964 1931 1144 1974 subsequor
1162 1930 1182 1962 ⁸.

482 2050 489 2074 l
516 2048 659 2083 Pei-peram
675 2047 794 2075 nonnuli.
808 2047 885 2074 codd.
903 2049 1078 2082 expectante.

478 2094 494 2119 ⁶2
516 2092 660 2128 Perperatn
681 2091 759 2119 codd.
781 2095 807 2119 cl
823 2100 889 2118 non.

479 2137 494 2163 3
508 2138 584 2164 Rom.
602 2144 662 2168 xm,
677 2137 700 2170 l,
718 2136 763 2163 ubi
777 2136 855 2171 Vulg.
869 2136 948 2172 legit:
965 2137 1065 2163 Omnis
1084 2136 1186 2163 anima

443 2181 626 2217 potestatibus
641 2180 854 2207 sublimioribus
873 2180 985 2207 subdita
1000 2180 1053 2207 sic:
1074 2187 1130 2206 non
1146 2182 1186 2207 est

444 2227 662 2260 enimpotestas
676 2226 736 2253 nisi
756 2233 772 2251 a
789 2225 858 2259 Deo.

484 2271 495 2296 ἰ
516 2270 650 2297 particula
680 2277 781 2305 negans
801 2269 827 2296 in
852 2269 910 2296 aliis
941 2268 1129 2304 praetermissa
1155 2277 1184 2295 cx

447 2316 541 2342 [tau-on.
559 2319 585 2342 et
601 2323 663 2341 mss.
681 2314 780 2350 optime
796 2314 958 2342 restituitur.

480 2361 496 2385 5
516 2360 595 2386 Cont.
611 2359 699 2386 Const.
718 2359 786 2386 forte
802 2359 890 2386 minus
910 2362 983 2386 recte
999 2359 1166 2393 descrimus.

480 2405 496 2429 ίὶ
517 2404 614 2431 Raron.
632 2412 685 2430 non
701 2404 804 2437 defers.

481 2451 495 2476 7
518 2450 616 2476 Baron.
651 2449 775 2476 interiicit
805 2452 830 2476 ct
861 2450 986 2484 Colleyio
1016 2449 1186 2477 clericorum

446 2495 560 2522 Romae.
582 2494 660 2520 Cont.
682 2496 771 2519 autem
797 2493 886 2520 Const.
910 2493 947 2520 ita
972 2493 1093 2528 corrigit,
1118 2492 1186 2519 sorte

447 2547 498 2565 non
510 2538 574 2565 satis
589 2538 676 2564 bene:
696 2538 783 2571 Dicis,
801 2538 877 2572 quod
890 2546 1001 2564 mecum
1015 2539 1186 2573 conspirans

445 2585 562 2610 senatus
591 2582 885 2609 0³:00mmmzicarerit
909 2585 943 2610 Ie.
974 2583 1054 2609 Istud
1074 2582 1186 2616 qm'dem

447 2636 496 2661 esso
512 2635 569 2653 non
583 2627 646 2660 feci,
663 2627 709 2654 sed
725 2626 950 2654 rationabiliter.

1218 540 1283 582 egit
1302 540 1461 574 Acacius‘?
1491 539 1615 572 Recede
1646 549 1734 582 ergo,
1758 544 1787 571 et
1811 537 1890 571 nihil
1917 538 1957 571 ad

1218 598 1259 626 te.
1282 594 1360 626 Nam
1394 593 1418 625 si
1448 603 1513 626 non
1539 593 1662 626 recedis
1690 592 1730 625 ab
1747 602 1796 632 eo,
1820 590 1959 635 pertinet

1217 652 1248 680 et
1264 647 1275 663 ⁰
1289 647 1329 680 ad
1349 653 1389 680 te.
1417 646 1650 690 Relinquamus
1670 651 1807 689 uterque
1821 644 1843 662 ¹⁰
1869 654 1956 678 mor-

1218 704 1320 732 tuum.
1344 700 1378 732 Et
1405 710 1464 733 nos
1484 700 1545 733 hoc
1565 699 1722 744 petimuS,
1753 704 1787 731 ut
1817 697 1896 731 nihil
1918 697 1958 730 ad

1219 758 1249 785 te
1277 753 1439 796 pertineat
1468 754 1555 797 quod
1581 753 1643 795 egit
1664 752 1808 786 Aeacius.
1831 752 1876 785 Tu
1900 762 1958 785 nos

1218 807 1296 839 sacis
1322 806 1463 840 obiicere
1485 806 1541 840 tihi
1555 805 1585 847 ¹¹,
1609 805 1663 850 qui
1682 805 1726 838 vis
1743 806 1784 839 ad
1805 810 1835 838 te
1853 805 1956 849 perti-

1219 870 1307 899 nere,
1331 860 1418 903 quod
1447 860 1511 901 egit.
1539 859 1683 893 Aeacius.
1718 858 1780 892 Nos
1808 857 1955 899 vitamus,

1219 914 1306 956 quod
1324 913 1388 955 egit
1405 913 1556 953 Acacius3
1570 912 1633 945 vita
1646 917 1677 946 et
1691 917 1734 952 tu,
1757 911 1840 946 etad
1853 915 1958 944 utros-

1219 977 1281 1010 que
1302 977 1366 1000 non
1387 967 1538 1011 pertinet,
1562 966 1648 1010 quod
1667 965 1731 1008 egit
1751 964 1896 1004 Aeacius,
1924 969 1956 997 ut

1218 1021 1321 1064 possis
1345 1021 1413 1054 sine
1438 1021 1488 1061 iis,
1521 1031 1602 1065 quae
1624 1019 1684 1062 egit
1712 1019 1857 1059 Aeacius,
1884 1028 1956 1051 cum

1219 1085 1266 1116 ea,
1289 1086 1372 1119 quae
1384 1076 1424 1109 ad
1438 1086 1496 1108 nos
1513 1074 1651 1118 pertinet
1665 1084 1772 1114 causa,
1793 1072 1956 1115 coniungi,

1219 1134 1253 1161 ut
1281 1129 1384 1172 possis
1409 1129 1476 1161 sine
1506 1128 1622 1161 ,teacto
1647 1133 1774 1160 nostrae
1807 1136 1956 1160 commua

1219 1181 1308 1214 nioni
1322 1181 1450 1215 sociari.
1465 1181 1528 1215 Nos
1539 1191 1603 1214 non
1621 1186 1649 1214 te
1670 1178 1961 1213 excommunicavi-

1220 1245 1302 1275 mus,
1315 1234 1505 1278 imperator,
1518 1234 1573 1268 sed
1587 1233 1751 1273 Acacium3
1770 1239 1803 1266 tu
1815 1232 1930 1266 recede
1940 1230 1962 1248 ¹²

1220 1288 1260 1321 ah
1298 1288 1433 1328 Aeacio‚
1469 1294 1497 1321 et
1537 1288 1576 1321 ab
1612 1287 1697 1320 illius
1735 1286 1958 1320 excommuni-

1221 1342 1346 1376 catione
1374 1342 1508 1376 reeedis
1531 1342 1578 1375 Tu
1599 1347 1626 1375 te
1647 1340 1711 1374 noli
1734 1340 1871 1374 miscere
1902 1350 1957 1373 ex-

1221 1396 1507 1430 communicationi
1530 1395 1615 1437 eius,
1643 1401 1674 1429 et
1698 1406 1763 1428 non
1784 1406 1817 1428 es
1834 1404 1962 1428 excom-

1222 1450 1358 1483 micatus
1389 1462 1406 1482 a
1435 1449 1538 1483 nobis.
1573 1449 1604 1483 Si
1637 1455 1666 1482 te
1697 1449 1828 1490 misces,
1859 1459 1924 1481 non
1943 1459 1961 1481 a

1222 1503 1326 1544 nohis
1355 1504 1411 1537 sed
1436 1514 1453 1535 a
1479 1502 1580 1546 teipso
1595 1502 1894 1536 excommunicatus
1914 1512 1958 1535 es.

1220 1558 1265 1590 Ita
1279 1557 1325 1597 fit,
1350 1562 1384 1589 ut,
1401 1557 1432 1589 in
1452 1561 1605 1600 utroque,
1637 1555 1701 1588 sive
1723 1555 1880 1596 discedas,
1897 1565 1962 1588 non

1221 1610 1263 1644 sis
1288 1609 1585 1644 excommunicatus
1615 1620 1632 1642 a
1660 1609 1770 1649 nohis,
1802 1608 1868 1642 sive
1897 1618 1961 1641 non

1221 1664 1378 1703 discedas,
1406 1673 1470 1696 non
1487 1663 1529 1696 sis
1550 1662 1846 1696 exconnnunicatus
1866 1673 1884 1695 a
1904 1672 1962 1695 no-

1220 1717 1268 1750 tiis
1281 1716 1311 1750 ¹³.
1336 1717 1493 1750 Catholici
1508 1716 1671 1760 principes
1683 1716 1814 1760 quidem
1833 1726 1963 1759 semper

1219 1771 1411 1815 apostolicos
1433 1771 1595 1813 praesules
1616 1769 1778 1802 institutos
1795 1769 1860 1802 suis
1879 1769 1963 1802 litte-

1219 1823 1262 1856 ris
1282 1827 1529 1866 praevenerunt‚
1554 1827 1584 1855 et.
1607 1821 1692 1854 illam
1726 1821 1960 1855 consessionem

1220 1877 1383 1920 fidemque
1405 1875 1424 1893 ¹⁴
1445 1876 1651 1920 praecipuam
1688 1881 1852 1919 tamquam
1886 1876 1962 1908 honi

1220 1930 1276 1963 filit
1299 1930 1507 1973 quaesierunt
1531 1929 1658 1963 debitae
1686 1928 1812 1972 pietatis
1832 1929 1959 1970 affectu,

1255 2046 1270 2072 8
1290 2046 1326 2072 Ex
1347 2046 1397 2073 hoc
1418 2045 1475 2072 loco
1496 2044 1667 2072 inserendum
1688 2048 1745 2074 est.
1767 2052 1781 2071 a
1801 2043 1962 2078 Symmacho

1220 2095 1330 2122 mininie
1344 2096 1399 2122 lata
1413 2094 1548 2122 sententia
1564 2094 1737 2121 Anastasium
1754 2093 1836 2121 fuisse
1856 2101 1962 2121 excom·

1220 2144 1397 2177 manicatum,
1413 2143 1547 2180 siquidem
1559 2143 1585 2170 id
1599 2144 1770 2171 decessorum
1783 2142 1855 2170 illius
1872 2142 1961 2170 nullus

1220 2194 1401 2229 praestiterat.
1425 2193 1443 2220 E
1464 2194 1541 2220 Cont.
1559 2193 1650 2221 Const.

1253 2243 1269 2268 Ω
1288 2243 1366 2270 Cout.
1381 2243 1472 2270 (lonst.
1490 2243 1559 2269 forte
1574 2242 1664 2269 minus
1681 2241 1750 2269 bene
1767 2241 1896 2278 expungit
1911 2243 1946 2269 cc.

1258 2292 1289 2319 10
1308 2292 1384 2318 Cont.
1402 2293 1494 2319 Const.
1511 2291 1635 2326 utrique.

1259 2343 1282 2368 11
1304 2341 1410 2369 Contiu.
1427 2342 1516 2369 Coust.
1530 2342 1630 2369 rectius
1641 2341 1681 2368 Τιι
1691 2349 1740 2369 nos
1754 2342 1825 2376 facis
1840 2341 1962 2368 obticere

1220 2386 1273 2414 libi
1289 2387 1436 2421 Acacium,
1457 2386 1518 2421 qui.

1258 2436 1289 2462 12
1308 2435 1386 2462 (lunt.
1399 2435 1488 2462 Const.
1504 2435 1624 2462 dis-ecclc.

1258 2484 1288 2511 13
1309 2484 1365 2511 vid.
1382 2485 1469 2511 Gelas.
1492 2492 1554 2519 epp.
1571 2490 1594 2510 xt
1609 2487 1636 2511 et
1650 2491 1695 2518 xit,
1713 2492 1771 2519 pag.
1793 2484 1845 2510 υ289
1865 2483 1916 2510 col.
1932 2484 1959 2517 2,

1220 2538 1247 2561 et
1266 2534 1318 2560 ‘208
1335 2534 1385 2561 eol.
1404 2535 1427 2560 1.

1259 2583 1288 2609 ll
1308 2582 1390 2609 Recte
1412 2583 1444 2610 ad
1463 2585 1580 2609 context.
1594 2582 1670 2609 Cont.
1687 2581 1778 2608 const.
1799 2581 1959 2615 sedemque.
