2244 3183
273 238 326 264 An.
345 236 372 263 C.
390 236 441 263 400

295 1098 332 1118 Qu
344 1095 417 1114 statuto
430 1101 459 1115 iu·

504 226 567 260 2192

995 237 1156 261 APPENDIX
1175 237 1327 261 BULLARII
1347 237 1468 261 nonam

472 285 563 318 theus
581 285 736 318 diaconus
751 284 945 325 detulerunt,
963 284 1149 326 cognovisse
1164 295 1214 318 me
1249 285 1377 319 dilectio
1398 295 1527 329 quoquc
1540 290 1644 318 vestra
1657 285 1697 318 ad
1711 296 1821 318 curam
1839 295 1928 318 suam
1940 284 1988 318 in-

471 339 608 378 gaudeo,
629 339 716 382 quod
734 338 866 380 gloriosi
884 344 914 371 et
934 337 1109 371 venerandi
1126 338 1215 382 prin-

472 391 551 435 cipis
573 392 652 425 fides
674 391 871 435 propheticis
883 391 1114 434 etevangelicis
1125 391 1215 424 unita

473 445 638 486 doctrinis,
662 445 702 478 ad
723 450 850 478 sanctos
876 450 907 478 et
930 445 994 478 Deo
1015 444 1148 488 placitos
1169 445 1215 478 di—

472 499 685 542 spositionum
710 510 840 533 suarum
868 499 1013 543 pervenit
1036 498 1043 515 ¹
1066 499 1212 539 effectus,

472 558 506 585 ut
534 552 759 586 cruentissimo
790 553 1025 586 Alexandrinae
1056 553 1215 586 Ecclesiae

472 616 642 649 pervasore
652 606 787 647 deiecto,
798 612 828 640 et
838 606 869 639 in
880 607 1106 650 longinquiora
1116 612 1216 639 trans-

474 659 548 699 lato,
573 660 705 701 dignum
727 672 784 693 sua
804 660 1037 702 gubernatione
1057 666 1214 693 rectorem

475 712 570 745 totius
591 713 725 746 civitatis
740 719 920 746 mereretur
931 713 1056 753 electio,
1077 713 1116 745 ad
1127 712 1216 745 cuius

474 776 527 798 vos
553 766 828 800 consecrationem
854 767 962 799 nullus
986 766 1126 799 ambitus
1152 771 1216 798 tra-

473 819 574 859 heret,
599 821 687 853 nulla
707 820 822 853 seditio
841 820 1032 864 impelleret,
1053 819 1141 852 nulla
1155 819 1216 851 ini-

473 873 578 917 quitas
596 873 761 913 incitaret;
784 874 840 906 sed
861 873 893 906 in
918 873 1026 906 medio
1044 873 1218 906 constituta

475 926 666 959 meritorum
699 926 882 968 sanctitate,
912 937 986 960 eum
1008 926 1131 960 cunetis
1151 936 1216 959 non

476 980 639 1013 dubitaret
659 990 871 1024 praeponere,
895 991 991 1024 quem
1009 979 1069 1013 sibi
1087 980 1217 1013 univer-

475 1033 551 1066 sitas
583 1038 716 1077 cuperet
747 1033 942 1077 praesidere.
973 1033 1064 1066 Unde
1092 1033 1218 1066 reddita

476 1086 605 1130 populis
633 1086 814 1119 christianis
840 1086 895 1120 Dei
921 1097 1000 1130 pace
1028 1087 1215 1129 gaudentes,

476 1139 742 1173 commendamus
760 1139 849 1173 vohis
872 1139 1008 1173 invicem
1026 1140 1122 1173 vestri
1143 1150 1220 1184 ope-

476 1193 518 1226 ris
539 1193 739 1235 dignitatem,
763 1199 798 1226 ut
818 1193 967 1235 religiose
980 1193 1156 1237 peromnia
1166 1203 1219 1226 or-

475 1246 603 1279 dinatus
627 1246 758 1279 antistes
784 1246 927 1280 fraterno
956 1257 989 1279 se
1015 1246 1141 1279 iuvari³
1160 1257 1216 1280 ex-

474 1299 620 1342 periatur
640 1310 789 1340 assensu,
819 1305 849 1332 et
874 1299 914 1332 ad
939 1299 1098 1333 abolenda
1122 1309 1216 1332 scan-

477 1352 566 1393 dala,
591 1362 673 1396 quac
699 1362 791 1385 error
811 1352 993 1386 haereticus
1014 1352 1216 1393 excitaverat,

477 1405 707 1449 cooperatione
724 1411 828 1439 vestra
840 1406 978 1448 gaudeat
988 1405 1142 1439 adiuvari.
1155 1406 1217 1439 Ex-

477 1459 589 1492 truso³
610 1459 696 1492 enim
717 1459 772 1503 qui
792 1459 936 1493 imitator
956 1459 1077 1493 diaboli
1097 1459 1166 1500 suit,
1190 1465 1221 1492 et

476 1513 511 1546 in
527 1513 661 1545 veritate
688 1523 754 1545 non
772 1513 870 1553 stetit,
898 1513 982 1546 male
1001 1519 1094 1546 utens
1114 1513 1220 1556 specie

476 1565 600 1609 pervasi
628 1565 761 1599 honoris
786 1571 817 1599 et
837 1565 988 1607 nominis,
1018 1565 1167 1608 congruit
1186 1570 1222 1598 ut

476 1618 690 1652 Alexandrina
717 1619 859 1652 Ecclesia
891 1630 965 1652 eum
994 1624 1167 1652 veneretur
1191 1625 1222 1652 et

477 1673 599 1716 diligat,
621 1684 716 1717 quem
736 1679 766 1706 et
786 1673 946 1717 probitate
968 1684 1108 1715 morum,
1122 1679 1151 1706 ct
1172 1673 1220 1706 in-

478 1727 624 1770 tegritate
652 1726 829 1760 catholicae
861 1726 936 1760 fidei
967 1727 1100 1769 dignum
1135 1732 1221 1760 tanto

476 1781 657 1814 sacerdotio
670 1780 906 1825 comprobavit,
930 1780 983 1814 cui
1004 1786 1133 1814 mutuae
1145 1780 1221 1814 cha—

477 1834 579 1868 ritatis
604 1835 737 1878 plenum
769 1834 869 1867 animi
898 1834 1001 1867 nostri
1028 1834 1222 1878 praebemus

477 1888 642 1928 affectum3
666 1888 886 1928 cohortantes,
910 1888 1024 1921 fratres
1050 1887 1219 1927 carissimi,

479 1946 509 1974 et
531 1940 726 1974 fiducialiter
746 1941 918 1983 exigentes,
942 1946 977 1974 ut
1000 1940 1032 1973 in
1050 1941 1220 1985 praedica-

400 2008 417 2021 ιι
455 2007 463 2022 s
480 1994 566 2027 tione
580 1994 679 2035 verbi,
701 1994 732 2027 in
750 1994 932 2028 eruditione
946 1994 1109 2038 praecepti
1135 1994 1221 2027 illam

479 2048 615 2080 sormam
638 2047 826 2081 custodiatis
846 2047 1032 2088 charitatis,
1065 2047 1133 2080 sine
1160 2058 1223 2090 qua

480 2101 586 2134 nullae
613 2107 747 2145 possunt
778 2102 931 2145 prodesse
960 2101 1103 2133 virtutes.
1132 2100 1222 2139 Quod

480 2160 585 2188 autem
612 2155 699 2187 fratri
722 2161 751 2188 et
774 2154 966 2198 coepiscopo
987 2158 1098 2187 nostro
1115 2153 1222 2187 Timo-

481 2208 555 2240 theo
576 2208 615 2240 de
633 2207 821 2241 revocandis
840 2207 900 2248 his,
917 2207 1003 2250 quia
1018 2206 1159 2240 veritaus
1174 2206 1223 2239 iti-

480 2272 556 2294 nere
577 2261 740 2294 deviantes
768 2260 981 2294 inconsultius
1007 2271 1039 2293 se
1069 2259 1223 2293 ferocius-

480 2326 541 2358 que
562 2320 738 2357 gesserunt,
752 2315 907 2358 scriptum
926 2324 994 2347 esse
1015 2312 1219 2356 cognoscitis,

518 2423 527 2448 1
547 2421 665 2448 Cacciar.
683 2420 699 2447 l.
714 2430 736 2447 c.
755 2420 875 2448 devenit.

515 2467 530 2492 ⁹2
547 2466 663 2492 Gaoeiar.
687 2474 746 2501 pag.
769 2465 820 2492 498
835 2473 894 2492 cum
909 2465 971 2491 edit.
994 2468 1046 2492 vet.
1063 2465 1172 2496 vivere3
1185 2463 1219 2490 al.

481 2510 549 2545 apud
566 2510 693 2537 ualterin.
711 2510 728 2536 l.
749 2518 771 2536 c.
793 2518 821 2536 se
841 2509 973 2537 incitari.
993 2509 1087 2544 Aptius
1102 2508 1134 2535 ad
1151 2511 1220 2535 orat.

481 2558 635 2581 contextum
653 2562 679 2580 n.
697 2553 787 2580 lectio.

517 2600 532 2625 3
548 2598 664 2625 (Σηπίαν.
685 2599 700 2624 l.
715 2607 737 2624 c.
760 2607 820 2624 cum
839 2601 888 2625 vet.
906 2597 972 2624 edit.
989 2598 1112 2624 excluso.

517 2644 531 2670 4
547 2643 582 2670 Ex
607 2642 718 2670 edition.
751 2642 874 2670 Ballerin.
896 2644 966 2677 Opp.
990 2642 1092 2670 Sancti
1120 2640 1222 2667 Leonis

1250 339 1370 382 telligat
1397 339 1574 383 pertinere,
1597 345 1632 372 ut
1649 339 1723 382 quia
1743 339 1805 372 late
1827 350 1860 372 se
1880 350 1913 372 se
1933 350 1988 383 pe-

1249 392 1358 425 stilens
1367 392 1420 425 itta
1429 391 1596 434 aegritudo
1605 392 1729 425 diffudit
1737 420 1744 432 ,
1755 392 1874 436 ubique
1885 392 1989 425 omni-

1249 445 1307 478 bus
1328 446 1439 478 eadem
1461 445 1652 478 adhibeatur
1671 445 1829 478 medicina
1849 446 1988 479 vulneri-

1249 499 1327 537 l›us;
1360 504 1393 531 ut
1419 509 1476 542 per
1505 498 1705 541 diligentiam
1736 499 1930 542 pastoralem
1957 499 1986 531 in

1250 552 1371 584 cuneus
1392 551 1540 584 EcclesiIs
1560 551 1685 585 Domini
1704 552 1786 585 ovile
1806 559 1985 596 reparetur,

1251 611 1279 638 et
1298 615 1355 648 per
1374 605 1625 638 sollicitudinem
1647 605 1810 638 charitatis
1825 611 1919 649 atque
1931 606 1988 639 do-

1251 659 1371 692 ctrinae
1391 669 1503 692 omnes
1522 659 1634 693 Christi
1656 670 1729 693 oves
1749 670 1848 692 unum
1870 670 1903 693 se
1916 669 1988 692 sen-

1252 712 1330 745 tiant
1350 712 1468 745 habere
1493 718 1666 756 pastorem.

1295 766 1407 798 Datum
1429 777 1468 799 xv
1486 766 1638 800 kalendas
1652 766 1859 811 Septembris,
1877 767 1989 809 Magno

1251 824 1282 852 et
1301 819 1473 863 Apollonio
1491 820 1687 854 consulibus.

1288 882 1345 909 Dat.
1362 882 1405 909 die
1422 883 1454 910 18
1473 883 1594 918 Augusti,
1615 892 1658 910 an.
1679 883 1738 911 460.

1439 1063 1623 1097 EPISTOLA
1649 1062 1768 1096 CXXVI
1781 1063 1802 1095 ⁴.

1253 1169 1299 1202 De
1330 1169 1459 1202 Hilarii
1486 1170 1670 1212 pertinacia
1699 1173 1885 1212 conquestus
1905 1168 1993 1202 Sedis

1298 1227 1497 1261 Arelatensis
1513 1227 1719 1270 priviteqimn
1740 1227 1913 1260 Viennensi
1930 1227 1994 1270 epi-

1298 1298 1388 1330 scopo
1407 1286 1587 1319 restitutum
1608 1285 1770 1319 admonet.

1254 1385 1465 1413 Dilectissimis
1485 1384 1632 1412 fratribus
1654 1392 1706 1418 per
1732 1384 1842 1411 Gallias
1863 1386 1894 1412 et
1907 1383 1994 1412 Vien-

1288 1445 1410 1466 nensem
1432 1437 1617 1472 provinciam
1640 1437 1791 1471 Episcopis
1818 1437 1994 1465 constitutis

1288 1492 1345 1519 Leo
1359 1491 1533 1525 Episcopus.

1298 1561 1389 1601 Quali
1425 1561 1602 1606 pertinacia
1632 1560 1771 1594 Hilarius
1802 1560 1995 1594 Arelatensis

1255 1616 1425 1660 episcopus
1458 1614 1614 1648 iudicium
1646 1620 1793 1648 nostrum
1825 1613 1992 1657 effugerit,

1254 1674 1364 1702 sancta
1372 1674 1475 1702 vestra
1484 1667 1667 1701 fraternitas
1677 1677 1742 1701 non
1752 1667 1890 1710 ignorat.
1905 1667 1996 1700 Unde

1256 1728 1286 1756 et
1311 1723 1429 1756 iustum
1451 1733 1519 1755 esse
1546 1721 1703 1762 videmus⁷
1730 1727 1765 1754 ut
1785 1720 1860 1765 quia
1876 1720 1996 1764 princi-

1255 1776 1303 1820 pis
1323 1776 1551 1820 Apostolorum
1576 1785 1727 1817 magnam
1741 1774 1773 1807 in
1787 1773 1914 1807 iudiciis
1927 1784 1997 1807 mo-

1256 1830 1470 1871 derationem,
1494 1840 1590 1873 quam
1612 1829 1644 1862 in
1663 1834 1818 1872 potestate
1837 1839 1896 1872 per
1912 1828 1997 1862 vica-

1255 1883 1320 1916 rios
1340 1894 1414 1916 suos
1427 1893 1556 1926 semper
1569 1882 1708 1922 exhibet,
1723 1881 1918 1915 Arelatensis
1932 1881 1998 1925 epi-

1256 1947 1373 1981 scopus
1397 1947 1463 1970 non
1484 1936 1672 1980 expectavit,
1696 1947 1714 1969 a
1733 1935 1902 1980 privilegio
1921 1945 1998 1968 suae

1257 1990 1391 2024 civitatis
1429 1990 1598 2023 submotus
1634 1989 1748 2022 humili
1776 1989 1848 2023 loeo
1885 1988 1995 2029 discat,

1257 2044 1344 2088 quod
1370 2043 1401 2076 in
1428 2053 1556 2085 magno,
1584 2042 1683 2085 gratis
1704 2052 1838 2075 munere
1858 2042 1996 2086 praede-

1257 2108 1419 2131 cessorum
1433 2103 1617 2130 nostrorum
1632 2107 1795 2137 concesso,
1817 2102 1925 2129 tenere
1941 2106 1999 2128 no-

1257 2151 1325 2183 luit.
1350 2150 1461 2194 Sitque
1482 2150 1734 2192 redintegratum
1760 2149 1930 2183 Viennensi
1948 2159 1999 2181 ar-

1257 2203 1463 2247 chiepiscopo
1475 2203 1691 2247 privilegium,
1708 2202 1801 2236 etius
1814 2202 1995 2246 antiquum,

1257 2258 1344 2301 quod
1365 2257 1542 2301 apostolica
1567 2256 1747 2298 benignitas
1767 2256 1806 2289 ad
1827 2256 1996 2289 Arelaten-

1256 2321 1321 2344 sem
1348 2321 1384 2344 ex
1405 2315 1497 2354 parte
1520 2309 1681 2343 transtulit
1702 2309 1874 2349 civitatem3
1897 2314 1932 2342 ut
1945 2308 1999 2342 tali

1255 2421 1319 2444 tom.
1341 2425 1366 2449 1,
1387 2417 1438 2444 col.
1464 2417 1539 2455 1499.
1564 2416 1684 2443 Caeciar.
1710 2416 1780 2451 Opp.
1805 2415 1910 2443 Sancti
1935 2416 2001 2442 Leo-

1254 2463 1299 2489 nis
1320 2466 1387 2497 part.
1415 2469 1442 2497 tt,
1469 2471 1528 2498 pag.
1546 2461 1590 2496 36,
1607 2461 1676 2488 hanc
1695 2461 1847 2497 epistolam,
1869 2460 1943 2488 nullo
1965 2460 1998 2488 de

1254 2506 1374 2533 eiusdem
1397 2507 1536 2533 authentia
1551 2506 1632 2533 dubio
1649 2506 1758 2539 iniecto,
1780 2504 1879 2538 1·esert;
1896 2509 1923 2532 at
1942 2513 2000 2531 eam

1255 2559 1302 2585 pro
1331 2551 1421 2585 spuria
1442 2550 1593 2577 habendam
1619 2557 1677 2576 esse
1704 2549 1833 2575 Ballerin.
1864 2548 1890 2575 in
1911 2548 2002 2576 admo-

1255 2594 1356 2622 nitione
1373 2595 1424 2623 eid.
1438 2594 1586 2631 praemissa
1601 2594 1650 2622 col.
1668 2593 1825 2620 1467-1403
1841 2593 1906 2620 satis
1926 2592 2000 2620 erin-

1254 2643 1331 2666 cunt

2050 402 2108 426 Quae
2123 405 2185 426 maxi-

2004 435 2035 449 me
2051 435 2101 454 erga
2116 430 2185 456 lapsas

2004 455 2125 476 adhihenda

2204 1518 2235 1549 Α]

2038 1569 2103 1590 Hilari
2119 1569 2173 1595 suga,
2202 1562 2240 1641 ἐι

2205 1624 2230 1656 1:

2203 1722 2212 1743 i

2206 1653 2216 1673 ξ
2220 1655 2235 1675 J<

2205 1674 2226 1704 ,Ν

2204 1706 2229 1731 ,ᾳ

2204 1734 2231 1772 τζνῖ

2204 1770 2233 1802 3.

2057 1834 2094 1855 Cui
2111 1835 2194 1860 pris-ite-
2231 1856 2238 1860 Η

2013 1862 2068 1888 gium
2083 1862 2182 1886 ablatum,
2205 1863 2238 1891 ,ᾗῇ

2206 1892 2226 1919 ¹>
2237 1904 2238 1919 t

2032 2153 2062 2183 Er
2069 2152 2114 2174 sod.
2123 2152 2197 2173 vienn.
2204 2141 2214 2151 “

2014 2182 2137 2201 restitutum.
