2244 3183
245 245 292 270 An.
311 245 341 271 C.
359 244 408 271 2483

472 234 536 266 »344

444 294 630 336 frequenter
646 291 814 332 ingerere‘,
842 290 928 322 unde
949 289 1071 322 inimici
1101 288 1186 322 iltius

444 344 636 383 rorruerint,
661 349 691 376 et
719 354 783 386 qua
800 343 849 375 via
868 343 953 375 idem
975 341 1184 382 surrexerit&

445 398 656 430 nihilominus
682 397 831 429 intimare
850 396 896 436 ei,
919 396 1037 439 scripta
1051 395 1104 427 illa
1117 405 1189 427 sen-

444 452 531 483 sibus
555 450 681 494 pietatis
707 450 774 482 eius
795 450 922 489 offerre,
939 449 1056 492 quibus
1081 449 1190 482 deces-

444 514 550 537 sorem
577 514 685 536 meum
711 502 827 536 eximia
858 503 954 535 laude
979 501 1123 542 extulit²²
1152 511 1189 534 co

446 558 532 600 quod
566 557 760 589 haereticam
786 555 988 600 tyrannidem
1014 554 1191 588 catholicae

448 610 588 643 veritatis
613 609 792 643 assertione
813 608 1003 642 confoderit.
1024 608 1123 641 ltem³
1137 607 1192 640 illa

448 675 589 707 quoque,
607 663 724 708 quibus
738 663 867 696 Petrum
887 662 1137 695 Alexandrinum
1152 661 1191 693 ab

449 717 682 750 Alexandrinae
708 716 886 749 cervicibus
917 715 1054 748 excussit
1084 715 1193 747 Eccle-

450 770 527 810 siae,
556 776 587 803 et
605 770 615 786 ⁴
642 775 770 803 sanctae
792 768 968 801 memoriae
990 767 1193 801 Timotheum

454 824 613 856 revocavit
630 822 864 860 ortliodoxum;
897 830 955 853 nec
984 820 1038 853 illa
1061 825 1192 864 praete-

453 876 527 917 rire,
558 876 676 919 quilius
696 874 855 918 episcopis
876 880 906 907 et
926 874 1062 914 clericis,
1086 873 1193 906 laicis—

453 941 515 973 que
535 939 594 972 per
625 938 755 962 omnem
788 929 965 971 Aegyptum
1002 926 1193 966 constitutis,

454 984 541 1026 quod
563 994 580 1015 a
601 982 708 1015 divina
728 981 902 1015 christiana
919 980 1120 1025 professione
1140 980 1196 1013 de·

454 1036 603 1076 viassent,
636 1035 718 1068 sicut
744 1034 920 1068 catholicus
938 1034 1115 1077 imperator
1134 1033 1194 1066 ob-

455 1095 584 1127 testans,
608 1088 668 1121 nisi
690 1088 774 1121 intra
799 1088 879 1121 duos
901 1098 1026 1120 menses
1046 1087 1085 1120 ad
1103 1097 1194 1119 com-

455 1143 644 1176 munionem
657 1143 667 1157 ⁵
688 1141 848 1175 Timothei
873 1141 1035 1181 redirent,
1058 1140 1195 1173 honori-

454 1197 525 1236 bus,
546 1195 706 1236 Ecclesiis,
724 1194 940 1237 omnibusque
954 1194 986 1226 in
1000 1194 1053 1226 illa
1067 1193 1199 1236 regione

455 1249 656 1283 denuntiavit
676 1260 744 1282 esse
764 1248 954 1292 privandos,
986 1247 1082 1280 simul
1103 1247 1199 1280 etiam

455 1304 573 1348 quibus
597 1303 694 1343 Petri,
718 1311 814 1346 quem
836 1301 945 1334 illicite
958 1312 991 1334 se
1011 1300 1201 1334 Alexandri-

456 1369 516 1391 nae
536 1356 696 1390 Ecclesiae
722 1355 868 1388 iniecisse
893 1354 1069 1398 perhibuit,
1092 1364 1129 1387 ac
1149 1353 1200 1386 Ti-

458 1411 581 1445 mothei
602 1409 757 1443 haeretici
776 1409 838 1442 iam
858 1407 1001 1442 defuncti
1022 1407 1201 1441 ordInatio-

457 1476 524 1505 nes,
545 1465 593 1497 vel
610 1475 658 1504 ea,
674 1474 758 1507 quae
772 1468 897 1496 secreto
910 1472 969 1506 per
983 1461 1096 1494 modos
1117 1460 1203 1494 dice-

458 1519 546 1559 bant,
566 1517 609 1550 ita
630 1516 818 1556 recassavit,
842 1526 901 1549 nec
922 1525 987 1548 non
1005 1514 1101 1547 etiam
1122 1513 1202 1546 illud

458 1572 641 1610 adnectere,
665 1569 753 1613 quod
774 1579 847 1602 eum
868 1568 1054 1601 Timotheus
1074 1571 1203 1600 sanctae

460 1624 637 1657 memoriae
653 1622 830 1655 catholicus
844 1619 1200 1663 fungereturextremis,

461 1678 587 1710 divinae
616 1675 834 1720 inspirationis
865 1675 1034 1715 instinctu,
1070 1679 1132 1706 tam
1165 1673 1204 1706 ad

461 1731 529 1764 eius
549 1729 714 1763 Pontificis
735 1729 881 1761 consulta
900 1727 1090 1767 rescribens,
1108 1737 1204 1770 quam

462 1786 502 1818 ad
519 1784 608 1817 urbis
622 1782 855 1816 Alexandrinae
873 1782 1008 1821 clerum,
1025 1779 1112 1813 omni
1131 1789 1206 1823 pro-

462 1838 603 1870 videntia
613 1835 814 1869 mandaverit
823 1835 833 1851 ⁶
849 1834 1123 1878 praecavendum,
1134 1837 1169 1865 ut
1181 1832 1205 1864 si

464 1891 644 1934 praefatum
669 1889 825 1922 Dominus
841 1887 1058 1921 sacerdotem⁷
1073 1886 1207 1919 transire

465 1943 592 1977 iusserit
625 1953 689 1975 non
715 1942 775 1974 nisi
809 1942 848 1975 de
874 1940 1108 1974 catholicorum
1139 1950 1209 1972 cor-

465 2008 544 2041 pore
569 1996 773 2035 clericorum,
799 1995 899 2038 etqui
920 1993 1119 2027 orthodoxae
1133 1992 1208 2025 fidei

466 2043 658 2094 probaretur
689 2059 757 2082 esse
782 2048 970 2091 discipulus,
994 2046 1209 2089 omnibusque

467 2103 722 2136 communicaret
742 2100 901 2140 Ecclesiis,
925 2106 1021 2142 atque
1041 2110 1058 2131 a
1075 2098 1210 2131 catholi-

468 2156 512 2190 cis
529 2156 697 2189 ordinatus
721 2154 908 2187 succederet
928 2153 1079 2185 defuncto
1099 2151 1210 2184 Ponti—

469 2211 537 2251 fici,
568 2209 722 2242 nimirum
749 2207 912 2251 sapienter
942 2205 1122 2245 intendens,
1154 2205 1211 2237 Pe-

507 2302 517 2326 1
536 2300 586 2326 Cit.
598 2298 676 2326 codd.
692 2299 783 2326 'iidem
803 2296 994 2324 surreaeerz'nc.
1015 2294 1167 2329 Perperam,
1184 2296 1213 2320 ut

471 2338 796 2407 lule—3⁸³gptsttztjtzfltcffdssindl.
812 2346 903 2409 dngd„
923 2375 970 2411 qui
985 2383 1044 2402 mox
1061 2373 1151 2400 delent
1170 2381 1211 2399 eo.

508 2422 523 2448 3
540 2421 607 2447 Cod.
624 2419 682 2446 Vat.
705 2419 773 2445 1342
789 2418 861 2444 delet
876 2418 954 2444 ilem.

509 2461 524 2487 4
545 2460 592 2487 lid.
609 2459 687 2486 codd.
710 2459 777 2485 1342
793 2462 820 2484 et
834 2457 904 2484 1353
920 2460 984 2484 ut...
1002 2456 1158 2483 revocaret.
1176 2453 1214 2480 Ad

475 2505 531 2523 rem
548 2495 635 2530 aptius
653 2503 679 2521 n.
697 2494 785 2521 lectio.

510 2537 526 2561 5
546 2534 612 2561 Cod.
633 2535 690 2560 Vat.
708 2534 776 2560 1342
792 2533 867 2559 addit
881 2532 985 2560 Sancti.

511 2576 528 2601 6
544 2575 583 2601 ΑΙ.
606 2574 706 2601 rectius
721 2573 882 2600 mandavit.

514 2616 526 2641 7
546 2615 601 2641 Duo
619 2622 664 2640 nu.
685 2613 769 2653 codd..
783 2613 849 2640 1342
866 2616 891 2639 et
905 2612 970 2639 1353
981 2614 1054 2638 recte
1070 2608 1174 2637 addunt
1184 2609 1218 2635 cie

481 2654 597 2679 terrena
612 2652 831 2677 conversalwne.

968 241 1128 265 APPENDIX
1148 241 1299 266 BULLAnn
1319 242 1439 266 ROMANI

1222 296 1317 329 trum,
1341 290 1395 333 qui
1413 295 1468 322 aut
1487 289 1625 329 anullis,
1650 295 1704 321 aut
1728 289 1766 321 ab
1793 288 1962 321 haereticis

1221 342 1290 375 salsi
1308 343 1447 375 nominis
1459 342 1553 375 liuius
1567 343 1692 375 honore
1710 342 1892 380 jactaretur,
1909 352 1962 374 su-

1222 406 1281 439 per
1305 402 1429 439 petram
1445 397 1455 412 δ
1471 395 1648 428 catholicae
1672 394 1843 435 Ecclesiae,
1865 405 1881 427 e
1901 405 1965 437 qua

1224 449 1291 482 eius
1310 449 1481 482 temeraria
1500 449 1602 481 suerat
1624 447 1887 491 praesumptione
1911 448 1965 480 de-

1224 502 1345 546 pulsus,
1357 501 1758 545 nunquampossepenitus
1768 500 1961 544 praesidere.

1274 555 1299 588 l.
1321 556 1427 588 ttaecss
1448 555 1633 588 lmiusmodi
1658 565 1740 598 quae
1765 560 1854 596 gesta
1877 559 1962 594 sunt,

1227 615 1257 641 et
1282 609 1462 641 dilectionis
1480 615 1553 641 tuae
1574 607 1803 645 conscientiam
1825 617 1890 639 non
1915 607 1963 639 la-

1227 667 1304 701 tent,
1320 667 1513 695 convenerat
1523 661 1651 705 saepius
1664 660 1861 704 impe1·tiri¹¹';
1877 670 1969 703 prae-

1228 714 1321 757 cipue
1342 725 1414 747 cum
1429 714 1461 746 in
1480 714 1528 747 liis
1548 713 1813 747 christianissimo
1830 711 1968 756 principi

1228 767 1485 811 promulgandis,
1503 768 1631 811 quando
1644 767 1683 800 ad
1698 766 1818 809 regiam
1829 770 1969 809 potesta-

1232 826 1293 853 tem
1303 821 1367 854 Deo
1378 821 1552 853 comitante
1561 820 1726 860 remeavit,
1739 829 1871 863 operam
1884 823 1970 851 tuam

1231 874 1335 907 missis
1348 874 1534 907 huclitteris
1555 885 1619 907 non
1641 873 1780 907 tacueris
1793 872 1968 905 vehemen-

1232 933 1278 960 ter
1289 928 1466 971 impensam
1477 938 1557 967 esse,
1573 927 1702 969 dignam
1716 926 1874 959 catholico
1887 926 1971 958 Pon-

1232 981 1331 1021 tifice3
1360 981 1543 1023 gloriareris
1571 991 1683 1014 omnes
1711 980 1765 1024 qui
1786 985 1898 1012 contra
1924 989 1973 1012 se-

1233 1035 1304 1067 dem
1319 1033 1337 1051 ¹¹
1359 1041 1508 1074 vestram,
1532 1040 1709 1077 contraque
1734 1033 1974 1067 Chalcedonen-

1232 1098 1298 1120 sem
1324 1087 1495 1131 synodum,
1515 1093 1545 1120 et
1565 1092 1676 1119 contra
1696 1085 1974 1130 praedicationem

1233 1140 1322 1173 Sedis
1331 1139 1533 1184 Apostolicae
1543 1139 1652 1173 venire
1661 1138 1865 1178 tentaverint,
1879 1137 1975 1170 fuisse

1233 1199 1427 1237 prostratos;
1451 1204 1515 1237 quo
1549 1193 1649 1236 magis
1676 1199 1706 1226 te
1723 1203 1781 1236 pro
1804 1197 1858 1225 tua
1874 1192 1976 1224 salute

1234 1253 1265 1281 et
1285 1247 1485 1291 professione
1514 1246 1687 1280 ferventius
1717 1246 1803 1289 apud
1829 1245 1973 1278 clemen-

1235 1301 1298 1334 tiae
1323 1301 1391 1334 eius
1416 1311 1510 1333 aures
1530 1305 1720 1344 oportuerat
1737 1299 1813 1332 talia
1832 1298 1973 1332 incessa-

1235 1355 1344 1388 biliter
1361 1355 1511 1397 allegare,
1532 1365 1569 1387 ac
1583 1364 1779 1397 magnopere
1797 1352 1974 1396 deprecari,

1236 1419 1300 1453 quo
1320 1419 1380 1441 nec
1400 1419 1503 1449 suam,
1520 1418 1617 1452 quam
1630 1406 1789 1440 catholica
1802 1411 1910 1439 mente
1924 1406 1979 1439 de-

1236 1467 1452 1506 prompserat,
1476 1461 1588 1495 violari
1599 1459 1620 1478 ¹²
1639 1461 1800 1494 ullatenus
1817 1464 1980 1503 pateretur

1238 1515 1409 1549 cuiuslibet
1438 1514 1648 1558 subreptione
1675 1513 1887 1554 sententiam3
1921 1523 1981 1546 nec

1239 1569 1391 1602 adversus
1404 1567 1592 1601 universalis
1605 1566 1765 1600 Ecclesiae
1781 1566 1980 1600 sanctionem

1240 1633 1297 1666 per
1316 1622 1554 1655 haereticorum
1588 1621 1697 1661 furias,
1721 1631 1815 1664 quas,
1842 1621 1905 1654 Deo
1927 1620 1979 1653 in-

1240 1676 1393 1719 spirante,
1417 1676 1519 1720 pietas
1540 1675 1608 1708 eius
1629 1675 1768 1714 eliserat,
1791 1674 1911 1707 sineret
1928 1674 1982 1707 de-

1241 1740 1306 1762 nuo
1320 1730 1491 1773 pullulare,
1515 1740 1612 1773 quam
1634 1727 1892 1761 manifestissime
1908 1738 1982 1771 per-

1242 1783 1386 1823 videres,
1415 1793 1452 1815 ae
1481 1787 1533 1814 tua
1555 1781 1659 1814 modis
1680 1781 1830 1814 omnibus
1855 1780 1983 1824 praedi-

1243 1835 1369 1869 eatione
1391 1845 1520 1868 rursum
1542 1835 1573 1867 in
1594 1845 1642 1874 ea,
1665 1844 1746 1877 quae
1765 1833 1936 1866 extiterant
1954 1832 1983 1865 ei

1243 1889 1387 1927 adversa,
1409 1898 1630 1929 consurgeres,
1658 1892 1754 1930 atque
1774 1886 1887 1919 eadem
1915 1885 1983 1918 sine

1244 1942 1446 1975 dubitatione
1479 1941 1641 1981 tirmares;
1673 1940 1803 1983 quando
1834 1938 1911 1972 huic
1934 1949 1983 1972 re-

1244 1995 1408 2034 luctantia,
1431 1995 1514 2028 sicut
1534 1995 1655 2027 dudum
1677 1996 1802 2026 lucrant
1818 1993 1981 2033 subversa,

1245 2048 1436 2087 iacuissent3
1460 2058 1500 2080 nc
1517 2048 1565 2080 vel
1587 2053 1660 2080 tuae
1680 2046 1781 2090 (quod
1800 2045 1894 2088 absit)
1908 2045 1984 2078 fidei

1245 2101 1426 2141 destitutor,
1450 2102 1497 2134 vel
1519 2101 1673 2144 perfidiae
1702 2099 1854 2134 dicereris
1882 2099 1986 2131 fautor

1245 2155 1379 2188 alienae.
1409 2155 1508 2187 Error
1537 2154 1633 2194 enim,
1658 2153 1708 2187 eui
1729 2163 1793 2185 non
1815 2151 1983 2192 resistitur,

1246 2209 1463 2252 approbatur,
1499 2213 1530 2241 et
1550 2207 1683 2247 veritas,
1707 2216 1790 2250 quae
1812 2205 1833 2222 ¹³
1853 2205 1986 2238 minime

1281 2296 1297 2321 8
1317 2295 1360 2321 Al.
1378 2295 1454 2321 unde
1470 2294 1609 2325 Petrum,
1630 2292 1664 2319 ad
1686 2300 1800 2327 quorum
1824 2291 1887 2318 lect.
1908 2298 1988 2317 acce-

1246 2335 1313 2363 dunt
1332 2338 1357 2362 et
1371 2343 1415 2361 un.
1433 2334 1523 2365 codd.,
1538 2334 1585 2360 sed
1601 2340 1753 2368 perperam.

1282 2382 1299 2407 9
1319 2379 1382 2407 Cod.
1401 2380 1462 2406 Vat.
1480 2378 1547 2405 1342
1564 2378 1642 2405 Haec
1665 2380 1691 2405 ee
1712 2375 1888 2404 huiusmodi.
1911 2374 1989 2402 Forte

1250 2420 1356 2448 melius,

1285 2465 1319 2492 10
1338 2464 1388 2490 Cit.
1407 2463 1466 2490 cod.
1485 2462 1638 2497 imperari.
1660 2461 1763 2497 Inepte,
1780 2464 1807 2487 ut
1824 2459 1939 2486 videtur.

1288 2512 1314 2536 11
1336 2509 1377 2535 At.
1390 2509 1458 2536 forte
1472 2507 1566 2534 melius
1576 2510 1740 2535 nostram...
1754 2506 1814 2533 cod.
1828 2508 1917 2532 autem
1929 2504 1987 2531 Vat.

1256 2554 1321 2581 13402
1332 2554 1418 2588 fidem
1434 2555 1569 2580 vestram.

1291 2599 1321 2626 12
1338 2598 1387 2625 Cit.
1404 2597 1463 2624 cod.
1487 2597 1554 2624 1342
1569 2595 1714 2623 temerari.

1292 2643 1322 2670 ¹3
1338 2642 1404 2670 (lod.
1421 2642 1479 2669 Vat.
1500 2640 1569 2669 1342
1583 2647 1680 2675 quum.

1993 238 2043 265 An.
2061 238 2090 264 C.
2108 237 2159 265 483

2029 564 2100 584 Aeacii
2115 568 2164 583 con·

1980 590 2093 611 nive-ittam
2103 589 2165 609 vehe-

1981 619 2060 638 menter
2092 615 2166 637 redar-

1981 644 2031 670 guit.
