2244 3183
45 2959 57 3183 “nra-222·-

91 269 142 298 An.
157 269 188 297 C.
203 269 257 297 483

105 384 227 406 Ttmendum
239 383 277 409 igi-

92 414 136 435 tur,
150 417 175 432 ne
191 411 276 431 mutatis

91 438 168 461 causis,
185 439 276 458 mutetur

93 467 114 485 et
127 466 221 485 eventus.

139 808 241 829 Marciani
257 811 277 827 vt

91 836 155 856 Leon.
166 836 235 861 pietas
241 835 278 855 Ze-

91 862 140 882 noni
158 864 203 882 esto
221 862 226 881 i
229 869 277 882 11111

91 889 201 914 xemphun⁴

110 1340 163 1361 Huic
174 1340 278 1361 obiiciun-

92 1368 124 1387 tur
133 1368 216 1387 litter-te
226 1374 277 1387 suae

91 1394 118 1414 ad
127 1394 269 1420 &inplicitum

920 268 946 293 S.
971 269 1064 293 FELIX
1086 268 1121 293 111
1141 269 1191 293 Pr.

293 316 419 350 ratoris.
443 317 499 357 Ne,
523 327 655 361 quaeso,
672 316 765 349 nobis
777 315 911 349 salutem
934 322 1033 355 tuam,

292 370 343 415 pie
357 371 544 414 imperator,
566 371 726 409 invideas3
749 380 789 402 ne
810 369 960 402 fiduciam
977 379 1035 412 pro

292 430 321 457 te
350 425 478 457 minuas
508 424 722 468 supplicandi.
756 424 894 463 Causae,
919 422 1036 465 quibus

290 477 445 510 Dominus
465 478 502 510 sit
525 477 696 521 propitius,
721 476 933 520 inquirendae
948 481 1032 512 sunt,

290 541 355 564 non
381 531 498 574 quibus
519 531 588 564 eius
614 530 792 572 indignatio
818 535 1031 573 provocetur:

290 584 458 623 convenio,
488 589 661 623 contestor,
690 584 851 620 obtestor,
880 582 1035 626 quoniam

291 643 412 674 metuo,
435 638 599 675 horresco,
625 637 775 677 formido,
799 647 839 669 ne
858 637 1037 669 mutatione

291 701 462 723 causarum
486 691 587 734 (quod
616 691 712 733 absit)
731 696 873 723 mutetur
890 695 1033 723 eventus.

293 744 424 787 Respice
444 745 604 788 propitius
629 745 668 777 ad
690 745 874 778 decessores
896 750 966 776 tuos
980 755 1037 776 au-

292 804 404 837 gustae
427 798 616 837 memoriae,
637 798 834 831 Marcianum
859 797 980 830 scilicet
1007 802 1035 830 et

292 851 450 891 Leonem,
475 858 505 885 et
530 858 690 885 tantorum
710 852 894 895 principum
917 852 1034 887 fidem:

292 905 456 947 legitimus
473 916 585 939 eorum
617 916 784 938 successor
805 905 955 949 amplecti
980 905 1037 938 de-

292 958 347 991 bes
361 958 492 991 illorum
506 959 538 991 in
556 959 714 1001 religione
736 969 941 997 consensum,
959 968 1039 1001 quo-

291 1021 362 1044 rum
391 1012 489 1045 debes
511 1012 689 1044 memoriae
704 1012 931 1045 reverentiam.
948 1011 1037 1044 Absit

291 1075 308 1097 a
333 1070 387 1097 tua
406 1065 587 1105 devotione,
605 1065 689 1098 absit
706 1076 723 1097 a
745 1071 797 1097 tua
818 1070 987 1108 potestate,
1004 1070 1038 1097 ut

292 1118 403 1151 talium
430 1119 573 1152 credaris
598 1118 759 1162 respuisse
783 1118 952 1151 iudicium.

335 1171 365 1204 5.
390 1172 558 1205 Postremo
584 1172 818 1215 professionem
846 1177 932 1203 tuam
955 1181 1035 1204 con-

291 1225 527 1269 scientiamque
558 1225 764 1258 recolendam
797 1225 945 1258 sensibus
965 1231 1038 1258 tuae

292 1278 420 1322 pietatis
441 1279 580 1311 insinuo.
604 1278 717 1311 Palatii
736 1278 781 1311 tui
800 1278 896 1311 facito
921 1278 1039 1311 scrinia

293 1331 466 1371 recenseri,
495 1337 526 1365 et
545 1332 664 1375 scripta
678 1331 732 1364 illa
752 1331 923 1373 diligenter
945 1332 1036 1364 inve—

293 1378 416 1426 stigari,
445 1395 527 1428 quae
546 1385 583 1417 ad
606 1385 729 1428 apicem
755 1395 901 1418 summae
924 1395 1036 1426 regre-

294 1437 385 1471 diens
399 1438 564 1481 potestatis
574 1439 613 1471 ad
624 1439 826 1471 decessorem
842 1449 949 1471 meum
965 1439 1036 1482 pie-

296 1496 342 1523 tas
353 1496 406 1523 tua
423 1501 482 1534 pro
495 1492 661 1524 communi
674 1492 890 1533 gratulatione
904 1492 1036 1531 direxit:

295 1544 343 1577 his
363 1555 437 1577 cum
457 1555 586 1588 semper
605 1555 721 1587 magna
746 1545 840 1578 laude
861 1556 1038 1589 proseque-

293 1598 347 1639 ris,
380 1598 467 1641 quod
500 1598 696 1631 haereticam
722 1599 925 1642 tyrannidem
947 1609 1040 1642 prae-

294 1651 466 1685 dicationis
495 1652 674 1685 catholicae
702 1652 811 1691 vigore
836 1652 1036 1693 contriveris,

294 1716 358 1748 qua
383 1705 493 1748 utique
521 1705 612 1738 istius
637 1705 778 1738 veritatis
798 1706 1039 1748 praedicatione

294 1757 374 1790 nihil
388 1758 475 1791 aliud
487 1757 507 1798 ¹,
524 1769 620 1802 quam
640 1758 679 1791 de
697 1758 894 1802 Eutychiano
912 1759 1040 1791 labores

295 1822 405 1844 errore
427 1822 560 1855 prorsus
584 1812 756 1853 abolendo,
781 1813 913 1856 eiusque
926 1824 1041 1857 sequa-

295 1865 385 1898 cibus
399 1865 619 1898 excludendis.
644 1866 729 1899 Haec
747 1877 806 1909 pro
823 1867 936 1910 synodi
950 1867 1041 1900 Chal-

295 1918 486 1951 cedonensis
499 1919 687 1952 definitione
701 1920 868 1960 servanda,
884 1920 1041 1953 reducen-

295 1972 402 2014 doque
413 1977 542 2005 sanctae
559 1972 734 2006 memoriae
751 1972 919 2005 Timotheo
935 1979 1041 2006 rectae

296 2025 370 2057 fidei
398 2026 566 2058 sacerdote
591 2030 657 2058 tota
684 2036 741 2058 sua
766 2031 868 2058 t‹-xtus
888 2026 971 2059 serie
988 2027 1040 2070 pic

296 2078 402 2110 locuta
427 2084 484 2110 est.
514 2078 598 2111 llaec
623 2083 709 2111 certe
742 2083 795 2110 tua
823 2079 1040 2112 mansuetudo

296 2131 447 2174 cognovit
470 2130 497 2171 ²²,
528 2142 588 2164 nec
614 2142 665 2164 res
690 2131 869 2173 incognitas
897 2137 951 2165 tua
971 2133 1037 2166 cle-

296 2185 417 2218 mentia
437 2186 583 2228 proferre
604 2184 769 2228 potuisset,
787 2185 932 2228 etpalam
948 2196 1039 2229 aper-

297 2245 393 2282 teque
411 2240 566 2282 prot'cssa‚
591 2239 677 2282 quod
696 2239 828 2271 laudum
850 2245 975 2272 tuarum
997 2245 1041 2272 te—

296 2291 489 2325 stificatione
514 2291 660 2324 firmasti.

341 2346 371 2378 o.
400 2345 618 2389 chuirantur
643 2345 697 2377 illa
723 2355 869 2389 quoque,
897 2356 980 2388 quae
1001 2346 1040 2379 ad

333 2455 344 2479 1
367 2452 468 2488 Supple
488 2453 640 2487 affabatur,
659 2452 698 2479 rel
718 2452 791 2479 aliud
812 2451 977 2479 huiusmodi.

331 2506 348 2532 2
363 2506 411 2533 Cit.
428 2507 506 2534 codd.
525 2506 593 2533 male
612 2507 645 2533 ad
666 2510 784 2533 context.
804 2507 954 2540 coynoscil.

333 2565 348 2592 3
364 2564 509 2600 Perperam
528 2564 586 2592 cod.
605 2564 673 2592 1342
688 2564 823 2592 Salvator
839 2572 920 2591 verus
940 2571 1042 2591 rursus

297 2619 455 2647 restituerit
475 2619 659 2646 sacerdotem.

333 2677 350 2703 4
365 2677 415 2704 (lit.
433 2678 492 2705 cod.
516 2678 570 2711 Qui
584 2681 624 2706 esc
640 2678 784 2713 depulsus.

1715 260 1778 295 239

1070 322 1198 349 sanctae
1224 317 1401 351 memoriae
1421 317 1623 352 Timotheum
1650 318 1809 352 orthodo-

1071 380 1144 402 xum
1156 371 1405 403 Alexandrinum
1422 371 1608 415 episcopum
1631 372 1812 405 serenitatis

1072 428 1143 455 tuae
1163 424 1300 466 paginae
1318 430 1391 457 sunt
1409 425 1547 465 locutae,
1571 431 1666 468 atque
1682 436 1717 458 ex
1737 425 1813 468 ipsis

1070 476 1193 509 actibus
1215 477 1353 516 intuere,
1373 477 1432 509 nisi
1458 478 1553 510 Petro
1575 489 1610 510 ex
1633 489 1669 511 ea
1691 489 1813 510 memo-

1071 535 1139 561 rata
1164 530 1245 561 urbe
1265 531 1402 570 secluso,
1431 530 1485 573 qui
1508 531 1534 563 ei
1560 531 1721 564 Ecclesiae
1739 537 1814 564 tune

1072 583 1226 625 temporis
1251 583 1436 621 incubabat,
1467 584 1687 626 supradictum
1709 585 1815 617 Timo-

1072 635 1181 668 theum
1194 646 1258 668 non
1273 635 1369 668 fuisse
1383 642 1579 669 revocatum.
1598 638 1658 670 Vos
1672 639 1711 670 ad
1726 649 1815 671 eum-

1072 688 1144 721 dem
1163 689 1364 722 venerandae
1378 689 1612 722 recordationis
1626 690 1813 733 pontificem

1072 741 1134 774 iam
1150 743 1317 775 reductum
1339 752 1446 775 sacras
1459 743 1659 775 venerabiles
1673 754 1746 776 mox
1759 745 1815 777 de-

1072 795 1172 833 distis,
1189 795 1306 839 quibus
1320 795 1407 828 fideli
1430 801 1559 838 pectore
1580 796 1812 836 gloriabimini,

1072 850 1159 892 quod
1185 855 1313 882 sanctae
1342 849 1502 882 Ecclesiae
1525 860 1659 891 magnac
1681 850 1816 884 civitatis

1071 902 1283 935 Alexandriae
1309 903 1482 946 providens
1507 903 1705 935 orthodoxae
1726 904 1813 943 fidei,

1072 955 1227 988 Dominus
1255 961 1366 989 noster
1390 966 1426 988 ac
1451 956 1597 989 Salvator
1628 967 1739 989 verum
1768 968 1818 990 re-

1071 1008 1211 1041 stituerit
1242 1009 1443 1042 sacerdotem
1466 1010 1485 1042 ³.
1518 1009 1576 1042 Ubi
1611 1009 1815 1042 manifestum

1073 1068 1129 1100 est,
1149 1062 1225 1106 quia
1251 1074 1323 1095 cum
1348 1062 1410 1096 hoc
1433 1063 1567 1096 verbum
1590 1063 1705 1103 dicitis,
1726 1064 1815 1096 illum

1072 1116 1169 1161 spisse
1182 1116 1309 1157 falsum,
1327 1117 1381 1159 qui
1402 1117 1514 1160 pulsus
1526 1122 1570 1149 est
1584 1116 1605 1156 ⁴,
1627 1116 1815 1153 ostenditis3

1073 1175 1104 1202 et
1117 1180 1190 1202 cum
1206 1169 1238 1202 in
1252 1170 1437 1202 venerando
1452 1170 1622 1202 Timotheo
1637 1170 1819 1203 orthodoxo

1073 1222 1169 1255 fidem
1184 1223 1358 1256 Dominum
1374 1223 1539 1255 textamini
1554 1223 1730 1264 reduxisse,
1746 1235 1820 1267 per-

1073 1287 1195 1309 versam
1223 1276 1254 1309 in
1280 1277 1431 1309 omnibus
1458 1277 1487 1309 in
1518 1277 1611 1309 Petro
1640 1277 1820 1320 perhibetis

1075 1331 1227 1363 refutasse
1252 1331 1433 1363 doctrinam
1466 1341 1531 1363 non
1564 1331 1604 1363 ob
1630 1331 1729 1368 aliud,
1758 1331 1819 1363 nisi

1073 1385 1148 1428 quia
1167 1391 1197 1418 et
1219 1385 1282 1425 ille,
1299 1385 1355 1428 qui
1369 1385 1569 1417 orthodoxus
1589 1384 1820 1428 pronuntiatur

1074 1444 1104 1471 et
1116 1450 1219 1478 verus,
1235 1438 1486 1472 Chalcedonensi
1507 1439 1629 1482 synodo
1644 1439 1739 1481 (sicut
1752 1439 1820 1471 eius

1075 1498 1149 1525 tunc
1176 1492 1271 1525 missa
1283 1498 1369 1525 tenet
1390 1492 1561 1535 professio)
1582 1492 1816 1531 consentiebat,

1074 1552 1105 1580 et
1125 1547 1194 1583 iste,
1220 1545 1273 1589 qui
1301 1546 1398 1578 falsus
1426 1551 1454 1578 et
1478 1556 1646 1589 perversus
1677 1546 1816 1591 elicitur,

1074 1600 1113 1633 ab
1134 1599 1277 1632 eiusdem
1306 1599 1418 1643 synodi
1446 1599 1574 1632 tramite
1599 1599 1814 1642 discrepabat.

1120 1653 1148 1685 7.
1173 1652 1318 1695 Denique
1341 1658 1473 1685 cunctos
1494 1652 1664 1696 episcopos
1685 1653 1817 1696 Aegypti

1074 1707 1308 1749 universosque
1334 1706 1460 1738 cleros⁵
1484 1706 1682 1749 increpastis„
1706 1706 1819 1738 vestris

1074 1760 1269 1802 generaliter
1299 1759 1444 1803 apicibus
1468 1759 1663 1799 sancientes,
1698 1764 1731 1791 ut
1758 1759 1817 1791 nisi

1075 1813 1158 1846 intra
1176 1814 1257 1846 duos
1271 1824 1396 1846 menses
1416 1813 1456 1845 ab
1477 1813 1535 1853 bis,
1560 1823 1641 1856 quae.
1663 1823 1680 1845 a
1701 1812 1820 1855 princi-

1075 1866 1128 1910 pio
1149 1873 1261 1899 contra
1282 1876 1432 1907 canones,
1457 1871 1569 1898 contra
1582 1865 1737 1898 Ecclesias
1750 1865 1816 1902 Dei,

1076 1923 1188 1950 contra
1214 1917 1427 1949 orthodoxam
1454 1917 1551 1949 fidem
1580 1916 1816 1958 cogitaverunt,

1075 1970 1283 2010 abstinerent,
1295 1976 1390 2013 atquc
1400 1970 1485 2003 beati
1497 1970 1656 2002 Timothei
1675 1980 1820 2002 commu-

1075 2024 1208 2065 nione⁶,
1232 2035 1328 2068 quam
1348 2023 1447 2067 impie
1461 2023 1674 2067 reliquerunt,
1703 2023 1819 2065 dignae

1075 2077 1292 2122 poenitentiae
1306 2077 1523 2110 satisfactione
1536 2082 1719 2109 remearent
1730 2104 1738 2115 ,
1754 2087 1818 2109 non

1075 2132 1179 2165 solum
1214 2131 1442 2174 despoliandos
1474 2130 1674 2165 honoribus:
1708 2140 1818 2162 rerum

1075 2185 1171 2217 ctiam
1193 2190 1224 2217 et
1247 2183 1462 2216 Alexandrina
1485 2183 1576 2223 urbe,
1601 2188 1631 2215 et
1655 2183 1743 2215 omni
1761 2184 1820 2216 Ae-

1075 2238 1219 2281 gyptiaca
1234 2237 1366 2279 regione
1379 2237 1549 2269 cat-ituros:
1566 2236 1718 2268 iniustum
1733 2236 1818 2268 enim

1077 2291 1188 2331 videri,
1216 2291 1299 2323 sicut
1326 2290 1518 2323 ‹fluistianus
1540 2289 1715 2332 imperator
1735 2289 1819 2321 astir—

1077 2356 1167 2377 mans
1188 2344 1216 2384 7,
1246 2349 1279 2376 ut
1301 2343 1355 2387 qui
1385 2354 1417 2376 se
1439 2344 1478 2376 ad
1499 2342 1674 2376 Ecclesiam
1689 2345 1711 2384 ''‚
1735 2354 1818 2386 quae

1111 2452 1127 2479 5
1143 2451 1176 2478 Et
1191 2450 1250 2477 cod.
1272 2450 1337 2478 1:353
1349 2449 1385 2477 ita
1400 2450 1473 2483 legit:
1490 2449 1534 2476 alii
1546 2453 1601 2476 aut.
1618 2449 1695 2481 edit.‚
1710 2449 1808 2484 quibus

1076 2506 1101 2523 n.
1119 2497 1179 2524 cod.
1199 2496 1265 2522 '1342
1282 2495 1422 2526 adhaeret,
1444 2495 1545 2522 rectius
1566 2496 1692 2522 clericos.

1111 2543 1127 2567 Ο
1148 2542 1217 2575 Lege
1237 2541 1274 2567 ml
1290 2541 1365 2568 beati
1382 2540 1524 2567 Timothei
1543 2541 1782 2566 communionem.

1112 2587 1125 2613 7
1146 2597 1157 2610 «
1168 2586 1318 2620 Affirmal.
1331 2595 1341 2609 n
1363 2584 1428 2611 (Iod.
1441 2594 1464 2611 c.
1484 2584 1562 2618 1342,
1575 2584 1720 2619 etquidem
1736 2588 1817 2610 recte.

1110 2631 1127 2657 8
1143 2629 1224 2656 llard.
1243 2629 1321 2655 Forte
1344 2629 1379 2655 ab
1398 2629 1536 2661 Ecclesia,
1554 2629 1595 2655 vel
1610 2629 1747 2654 sulz-ersus
1768 2629 1819 2654 Ec-

1075 2675 1201 2702 ctesiam.
1224 2673 1262 2700 ld.
1283 2672 1341 2700 cod.
1365 2672 1465 2708 optime
1485 2673 1519 2700 ub
1533 2672 1672 2700 Ecclesia.

1842 270 1881 298 An

1887 292 1892 298 .
1911 271 1940 299 C.
1961 271 2012 299 483

1894 332 1923 352 Ad
1943 334 2013 352 'sitim-

1829 359 1911 379 [licum.

1886 1658 1916 1678 Ad
1932 1659 2018 1683 Aegypti

1833 1691 1878 1709 epis

1834 1717 1886 1732 rum.

1882 1686 2021 1710 cop-‚scide-
