2244 3183
50 230 98 257 An.
116 228 146 262 C,
166 226 218 256 453

31 991 47 1009 χ
76 981 144 1004 Sedes
162 982 233 1007 Apost.

40 1009 75 1031 ⁴do
90 1008 112 1030 C.
126 1009 148 1029 P.
160 1008 233 1030 Eccle-

48 1035 234 1061 stasstatupertu-

47 1062 126 1084 lianum
146 1062 232 1088 diligen-

48 1089 90 1110 tins
104 1088 232 1110 instruenda.

86 1407 201 1435 Praecipit,
210 1410 233 1429 ut

47 1435 188 1456 hiemandata
197 1441 232 1455 ce·

47 1462 112 1483 larius
140 1467 231 1488 exequa-

75 1621 156 1645 Quidvo
170 1623 231 1644 fuerit

48 1647 172 1675 dispositum
200 1656 231 1672 re-

48 1676 134 1697 scribat.

902 225 926 248 S.
952 225 1009 249 LEO
1029 225 1039 249 1
1060 226 1105 248 1³1⁵.

247 274 446 314 cohortatus,
470 279 504 306 ut
528 274 567 307 de
587 273 647 313 his,
683 283 765 316 quae
785 274 871 308 cirea
891 271 987 305 fidem

246 332 396 371 aguntur,
414 326 666 360 sollicitudinem
685 337 790 361 meam
803 326 987 360 indesinen-

247 387 295 415 ter
314 381 499 414 instrueres.
524 381 559 413 Et
580 392 653 414 cum
673 381 823 414 omnibus
844 379 988 413 occasio-

246 434 342 468 nibus
355 434 497 467 scribere
517 444 582 467 non
601 434 776 478 quiescam,
793 434 988 478 quibusdam

247 494 355 521 tamen
375 487 503 531 scriptis
525 487 604 520 meis
617 487 637 527 ¹,
662 488 743 521 idest
760 487 771 505 ⁴²
795 499 852 532 per
885 487 987 519 filium

247 546 394 574 nostrum
413 541 623 574 suhadiuvam
636 541 646 557 ³
667 542 847 580 Rodanum,
872 541 986 574 dome-

246 595 360 629 sticum
380 594 437 627 filii
458 594 560 628 nostri
581 594 639 627 viri
660 594 868 628 illustrissimi
891 597 989 637 Aspa-

247 648 325 682 racii
338 648 348 664 ⁴¹
370 649 462 689 datis,
486 649 610 682 nullum
624 659 816 693 responsum
834 654 907 681 tuae
927 648 988 680 sra-

248 701 406 735 ternitatis
419 702 543 745 accepi:
563 708 727 747 tamquam
740 702 821 735 ratio
837 701 989 745 temporis

248 765 312 788 non
331 755 492 795 habuerit,
516 761 551 788 ut
584 755 663 799 quid
683 761 754 799 post
780 766 851 788 inea
871 754 989 798 scripta

248 807 288 841 sit
304 814 441 850 gestum,
458 808 602 851 potueris
616 808 770 841 indicare.
792 808 826 840 Et
848 807 921 840 ideo
932 817 990 850 per

248 861 469 895 liliummeum
492 862 644 895 comitem
658 863 668 878 ⁵
688 862 857 895 Rodanum
874 861 922 894 his
938 860 989 894 lit-

249 915 325 948 teris
351 920 381 948 te
402 916 521 953 saluto:
550 922 580 949 et
597 922 634 950 ut
656 917 778 950 nullam
801 915 991 960 opportuni-

248 975 345 1003 tatem
365 970 527 1003 scribendi
542 971 697 1013 negligas,
714 981 778 1014 quo
796 975 902 1004 aestus
921 970 988 1003 sol-

248 1023 424 1056 licitudinis
465 1034 555 1057 meae
588 1025 781 1065 relevetur-⁶,
816 1024 986 1057 admoneo.

248 1074 325 1109 Cum
346 1075 431 1108 enim
450 1075 483 1108 in
498 1081 527 1108 te
553 1076 728 1119 quamdam
752 1075 814 1108 mei
832 1076 987 1109 Constan-

249 1128 453 1172 tinopolitani
474 1129 614 1162 habeant
637 1129 832 1173 portionem;
857 1128 989 1171 dignum

248 1187 295 1215 est
314 1187 345 1215 et
365 1193 424 1226 pro
443 1182 608 1216 communi
629 1182 781 1223 amicitia,
806 1188 836 1216 et
856 1193 916 1226 pro
942 1187 990 1216 to-

248 1235 310 1269 tius
340 1236 500 1269 Ecclesiae
535 1237 721 1277 dilectione,
756 1236 936 1271 incessabili
962 1243 991 1270 te

248 1289 356 1331 vigore
377 1289 575 1334 prospicere,
592 1301 632 1323 ne
646 1290 725 1334 quid
738 1290 888 1334 possitde
907 1295 990 1323 statu

248 1342 324 1376 fidei
345 1354 396 1377 nie
408 1343 518 1376 latere.
536 1344 623 1383 Quae
637 1354 714 1387 ergo
732 1355 789 1388 per
809 1344 991 1388 praedictos

248 1397 297 1429 vel
318 1397 357 1430 ad
376 1397 644 1439 gloriosissimum
666 1398 860 1442 Principem,
884 1399 933 1431 vel
951 1398 991 1431 ad

249 1456 336 1484 tuam
362 1450 569 1484 dilectionem
602 1451 726 1495 scripsi,
750 1459 785 1485 ut
823 1452 992 1486 celerrime

248 1505 418 1537 tradantur
435 1504 574 1544 effectui,
600 1505 792 1548 opportunis
812 1505 992 1547 suggestio-

248 1557 342 1591 nibus
362 1557 504 1591 elabora.
537 1558 572 1590 Et
605 1557 759 1601 quicquid
791 1558 899 1598 suerit,
927 1559 991 1592 Deo

247 1610 431 1651 auxiliante,
456 1610 659 1654 dispositum,
683 1611 764 1644 seire
791 1622 842 1645 me
876 1612 988 1656 facito:

248 1668 282 1696 ut
301 1662 466 1706 perductis
488 1662 518 1695 in
540 1662 687 1696 effectum
709 1663 769 1703 liis,
793 1674 876 1706 quae
894 1663 992 1696 ratio-

248 1716 397 1750 nabiliter
422 1716 572 1749 ordinata
592 1722 676 1757 sunt,
700 1728 759 1760 pax
783 1716 869 1755 fidei,
894 1728 992 1750 cano-

247 1781 391 1814 numque
411 1770 556 1804 custodia
578 1776 609 1803 et
633 1771 779 1804 securior
800 1771 920 1815 ubique
939 1772 994 1804 lia-

247 1824 362 1857 beatur
382 1830 412 1857 et
434 1824 560 1858 fortior.

292 1905 361 1938 Dat.
385 1904 524 1949 septimo
556 1905 710 1939 kalendas
737 1906 820 1947 tulii,
845 1906 993 1951 Opilione

249 1967 318 2000 viro
339 1967 518 2001 clarissimo
539 1968 683 2001 consule.

285 2045 344 2074 Dat.
366 2046 409 2073 die
429 2046 558 2081 251nnii,
574 2055 618 2074 an.
639 2048 700 2074 453.

285 2155 295 2182 1
315 2153 393 2181 innui
409 2153 533 2181 ridentur
548 2153 668 2181 eiusdem
686 2155 713 2182 S.
731 2155 828 2183 Leonis
844 2156 950 2184 litterae
961 2157 994 2184 ad

248 2194 335 2230 ipsum
356 2194 507 2229 lulianum,
529 2203 596 2230 quas
618 2203 677 2231 sup.
700 2196 785 2223 habes
807 2205 834 2223 n.
866 2205 943 2224 Lxxw
969 2201 995 2224 et

249 2241 334 2262 Lxxvn
350 2243 429 2270 pagg.
451 2235 508 2268 113,
527 2236 587 2261 115.
1011 2266 1012 2271 ¹

283 2275 299 2302 2
323 2285 335 2299 «
346 2274 466 2301 Sicllai'd.
484 2275 599 2310 exempl.
615 2275 687 2302 delet
701 2275 772 2304 idest
787 2287 813 2304 u.
831 2276 926 2304 Baiter,
939 2278 956 2304 l.
970 2287 993 2305 e.

249 2314 317 2343 Sane
332 2315 439 2342 melius.

284 2355 299 2382 3
319 2367 330 2380 e<
342 2356 390 2387 Qui
406 2356 557 2383 officiorum
572 2355 697 2391 Magistro
719 2356 826 2384 adiutor
840 2357 918 2384 datus
937 2362 994 2385 erat

248 2396 386 2424 adiutores
400 2397 497 2423 iterum
518 2396 568 2422 sul)
584 2405 611 2423 se
628 2396 755 2432 babebat,
772 2406 841 2433 quos
855 2399 995 2426 subadm-

250 2445 298 2464 vas
317 2437 530 2473 appellabant».
547 2436 683 2467 Quesnell.
700 2438 771 2472 apud
788 2439 908 2466 Caeriar.
931 2440 947 2466 l.
970 2449 992 2466 c.
1011 2450 1013 2465 1

283 2483 299 2509 ά
323 2493 335 2507 α
358 2483 480 2516 Aspim-is
508 2481 650 2517 legendum
676 2482 839 2510 arbitror».
871 2484 990 2512 Caeciar.
1011 2484 1012 2514 1

251 2522 321 2556 opp.
335 2523 365 2549 S.
381 2522 485 2549 Leonis
501 2526 570 2557 part.
589 2530 618 2554 11,
636 2531 697 2558 pag.
719 2523 781 2550 378.
1011 2520 1012 2523 ¹

284 2563 300 2589 5
319 2572 332 2587 «t
351 2562 390 2589 ΑΙ.
407 2570 501 2589 vocem
521 2563 653 2590 comitem
669 2563 761 2590 delent
775 2574 801 2591 i»,
815 2563 914 2590 Baller.
931 2564 949 2590 l.
968 2573 990 2590 c.
1010 2577 1012 2589 1

283 2603 300 2629 6
321 2612 332 2628 α
350 2602 419 2630 Vatt.
438 2602 501 2630 edit.
524 2611 585 2629 eum
601 2604 672 2638 plur.
690 2612 753 2630 mss.
771 2606 796 2630 et
817 2606 848 2631 ut
863 2608 995 2639 ορμον-ιιι·
1010 2620 1012 2637 1,

249 2641 372 2670 nitatem
390 2643 535 2670 scribendi
556 2652 610 2670 non
629 2644 766 2678 mystyce,
785 2644 815 2671 in
833 2652 888 2679 quo
905 2652 994 2679 quae·

1668 215 1728 248 127
1793 225 1842 251 An.
1859 225 1888 253 C.
1909 226 1960 253 451

1178 273 1361 307 EPISTOLA
1389 273 1535 307 LXXXIV
1549 274 1567 306 ⁷.

1023 379 1191 411 Marciano
1211 380 1338 422 aralius
1360 381 1440 423 (ism,
1465 381 1550 423 quod
1575 382 1763 424 compressis

1072 436 1253 469 Palestinae
1279 438 1427 477 munibus,
1452 439 1640 471 Iuvenalem
1661 439 1695 471 in
1719 450 1765 471 se-

1067 494 1138 526 dem
1155 505 1249 526 suam
1264 496 1456 532 restitueret,
1478 507 1614 540 eumque
1636 497 1668 529 in
1688 497 1764 530 bono

1067 553 1229 595 proposito
1247 552 1425 594 confirmat.

1201 656 1257 684 Leo
1274 657 1424 684 Marciano
1440 658 1583 692 Augusto.

1067 755 1210 795 Geminis
1231 755 1553 788 elementiaevestrae
1575 756 1766 790 laetificatus
1804 767 1965 788 iiasmnuzea-

1025 805 1175 849 alloquiis
1203 816 1276 838 cum
1309 806 1415 839 debita
1444 806 1619 848 gratiarum
1642 807 1766 840 actione
1782 793 1967 846 {222¹{ssis-'3ililii

1027 859 1168 892 rescribo
1181 859 1201 899 ὅ,
1226 859 1369 901 gaudens
1395 860 1434 892 de.
1455 859 1678 893 misericordia
1698 861 1764 901 Dei,

1025 911 1125 955 quiin
1140 911 1311 945 virtutibus
1329 912 1551 955 providentiae
1563 918 1698 953 vestrae,
1720 915 1766 946 ΒΓ*

1026 966 1065 998 ad
1097 965 1268 999 utilitatem
1297 966 1461 999 Romanae
1492 966 1700 1010 Reipublicae
1739 972 1770 999 ct,

1026 1020 1065 1052 ad
1087 1019 1264 1053 catholicae
1284 1019 1445 1053 Ecclesiae
1472 1031 1584 1063 paceni
1607 1020 1769 1062 gloriosis-

1025 1073 1141 1106 simum
1169 1073 1365 1117 praesidium
1385 1074 1563 1106 collocarit.
1585 1074 1675 1107 Unde
1693 1084 1769 1107 con-

1025 1127 1092 1160 fido
1113 1133 1286 1171 utramque
1323 1126 1444 1160 lianc¹⁰
1478 1127 1607 1171 pietatis
1647 1133 1771 1161 vestrae

1026 1181 1273 1214 saluberrimam
1296 1192 1406 1213 curam
1429 1181 1470 1213 ita
1504 1181 1655 1214 divinitus
1682 1181 1772 1215 adiu-

1027 1236 1180 1275 vandam,
1212 1240 1245 1267 ut
1269 1236 1365 1278 plena
1388 1235 1604 1279 tranquillitas
1626 1241 1653 1268 el
1685 1236 1770 1268 chri-

1027 1288 1150 1321 stianae
1163 1288 1314 1330 religioni
1327 1294 1357 1321 et
1374 1294 1479 1322 vestro
1491 1289 1653 1322 tribuatur
1667 1288 1685 1305 ¹¹
1704 1289 1767 1321 im-

1026 1342 1128 1386 perio.
1145 1343 1235 1381 Quod
1251 1353 1327 1384 ergo
1345 1343 1376 1375 in
1394 1342 1566 1386 provinciis
1583 1343 1770 1377 Palaestinis

1028 1396 1137 1440 plebes
1157 1395 1211 1429 Dei
1232 1396 1271 1429 ad
1292 1396 1449 1429 unitatem
1474 1402 1548 1430 sunt
1572 1396 1647 1430 fidei
1673 1407 1766 1430 revo-
1812 1408 1969 1433 reripsumra-

1027 1454 1126 1489 eatae,
1150 1455 1180 1483 et
1200 1450 1393 1493 compressis
1414 1450 1589 1483 errantium
1616 1451 1766 1490 motibus,
1785 1436 1971 1482 lfssllli‘hdssllssssssff

1027 1504 1066 1536 ad
1099 1504 1315 1546 evangelicam
1338 1503 1615 1548 apostolicamque
1646 1505 1767 1537 doctri-
1786 1495 1860 1515 wm'

1028 1567 1100 1589 nam
1135 1557 1297 1597 omnium,
1337 1562 1372 1589 ut
1403 1557 1546 1591 indicare
1572 1557 1768 1600 dignamini,

1028 1610 1126 1643 corda
1157 1610 1280 1643 directa
1316 1616 1401 1651 sunt,
1443 1611 1596 1654 quodque
1627 1611 1716 1644 fratri
1743 1618 1771 1645 et

1028 1664 1221 1707 coepiscopo
1243 1674 1315 1696 ineo
1351 1664 1492 1697 luvenali
1524 1664 1562 1696 ad
1599 1664 1770 1698 sacerdotii
1806 1676 1970 1713 ¹¹¹*¹’⁰·'¹¹·?{¹¹·7⁶

1028 1717 1076 1750 sui
1089 1716 1108 1733 ¹²
1126 1718 1234 1750 sedem
1256 1718 1383 1750 tandem
1400 1717 1499 1755 licuit,
1517 1717 1656 1750 neniam
1672 1718 1771 1751 resul-
1787 1703 1831 1723 ⁵⁰d¹
1847 1705 1962 1722 s'³‘'¹'¹¹'”''

1029 1776 1115 1804 tante
1136 1772 1270 1815 populo,
1291 1771 1346 1803 sed
1375 1771 1577 1803 desiderante
1604 1781 1768 1806 remearc;

1029 1829 1152 1858 vestrae
1183 1824 1257 1857 fidei
1291 1835 1383 1868 opus,
1418 1830 1539 1857 vestrae
1570 1824 1697 1868 pietatis
1727 1830 1769 1857 est

1028 1878 1160 1911 fruetus.
1185 1879 1247 1911 Pro
1266 1878 1356 1911 cuius
1377 1883 1551 1920 augmento
1584 1888 1640 1921 per
1660 1888 1772 1911 omnes

1028 1931 1142 1965 Christi
1178 1931 1336 1964 Ecclesias
1368 1941 1504 1964 concors
1540 1931 1773 1974 multiplicatur
1821 1943 1929 1963 maenaa
1945 1940 1970 1969 ,χιι

1029 1986 1150 2018 oratio:
1174 1991 1204 2018 ut
1227 1986 1251 2018 si
1273 1996 1335 2028 qua
1355 1986 1461 2018 adhue
1487 1986 1571 2029 apud
1593 1986 1770 2029 Aegyptum
1788 1970 1970 2030 1ἶῖιῖ111311ι’ἷῗῃῗξῗῖ

1030 2039 1132 2081 caligo
1147 2039 1262 2072 residet
1277 2039 1308 2079 ¹³,
1327 2050 1408 2083 quae
1427 2039 1570 2072 nondum
1590 2038 1708 2082 recepit
1722 2049 1772 2071 ra·
1787 2030 1846 2070 iislfm
1867 2022 1970 2047 ⁵¹¹¹'''¹¹⁰³'

1028 2157 1087 2182 slus
1100 2152 1305 2181 sollicitudinis
1320 2160 1398 2179 meae
1414 2152 1591 2180 relevatum.
1605 2151 1702 2178 Baller.
1716 2151 1732 2178 l⁴
1747 2160 1770 2178 c.

1030 2199 1110 2226 Recte
1125 2207 1151 2225 n.
1169 2199 1260 2226 lectio.

1065 2244 1078 2270 ’ἶ
1095 2243 1132 2269 Ex
1153 2243 1218 2270 edit.
1240 2241 1366 2268 Ballerin.
1390 2242 1460 2276 OM>-
1483 2242 1512 2269 S.
1538 2242 1641 2269 Leonis
1665 2245 1726 2268 tom.
1754 2250 1771 2274 l,

1028 2289 1080 2315 col.
1098 2288 1175 2314 1245.

1064 2333 1080 2359 8
1098 2343 1107 2358 α
1127 2332 1190 2359 (lod.
1209 2332 1292 2358 Grim.
1310 2332 1402 2359 scribo
1418 2342 1444 2358 ».
1463 2331 1588 2358 Ballerin.
1607 2330 1623 2357 1.
1642 2340 1664 2357 e.

1066 2378 1081 2401 tl
1102 2390 1112 2401 t«
1128 2378 1171 2403 ΑΙ,
1189 2376 1279 2403 delent
1295 2379 1355 2403 elo.
1378 2375 1506 2403 Ballerin.
1527 2375 1545 2402 l.
1563 2384 1585 2402 c.

1065 2424 1099 2448 r10
1119 2422 1236 2448 (lai-ciar.
1257 2424 1326 2455 opp.
1343 2421 1370 2447 S.
1389 2421 1491 2447 Leonis
1507 2425 1574 2456 part.
1594 2428 1621 2450 11.
1645 2429 1703 2455 pag.
1722 2421 1773 2447 379

1030 2473 1089 2491 cum
1106 2464 1140 2490 al.
1159 2471 1244 2489 nnnc.
1263 2462 1356 2489 Melius
1372 2462 1477 2489 videtur
1493 2471 1521 2489 11.
1539 2462 1556 2489 l.

1065 2510 1093 2535 11
1117 2520 1128 2533 «
1145 2508 1196 2535 Vox
1212 2508 1359 2535 tribuatur
1373 2516 1402 2533 ex
1415 2507 1474 2534 eod.
1494 2507 1592 2542 llatisp.
1609 2507 1729 2542 suppleta

1011 2553 1154 2580 ballerin.
1183 2553 1198 2579 1.
1223 2562 1246 2578 r,

1069 2599 1097 2624 1⁹2
1119 2608 1129 2621 c
1145 2597 1182 2623 ΑΙ.
1200 2596 1346 2624 ‹lelentsui
1361 2609 1382 2623 u.
1401 2597 1497 2624 Baller.
1516 2601 1540 2623 et
1553 2596 1671 2623 (lacciar.
1689 2596 1715 2622 ll.
1730 2605 1770 2622 rc.

1067 2643 1097 2669 13
1113 2641 1232 2668 (lari-iar.
1251 2641 1267 2668 l.
1290 2650 1313 2668 c.
1331 2650 1390 2668 cum
1407 2641 1441 2668 al.
1459 2642 1573 2669 resedit.
1592 2641 1744 2676 Pei-peram.
