2244 3183
45 236 94 264 An.
115 237 142 265 C.
159 237 211 265 523

40 1233 43 1236 ,
88 1207 165 1228 christi
181 1207 223 1228 vila

39 1239 58 1253 in
74 1239 139 1255 cai-ne
149 1237 222 1256 nostra

37 1261 201 1282 manifestanda.

851 239 877 262 S.
902 238 1038 263 tOANNEs
1059 239 1069 263 Ι
1089 240 1138 263 ΡΡ.

1666 228 1730 262 465

244 283 486 330 praedicamus,
503 285 560 319 sed
579 284 685 320 Iesum
703 284 863 320 Christum
883 286 992 320 Domi·
1025 293 1132 320 tamen
1147 286 1183 327 is,
1204 287 1259 331 qui
1279 286 1362 321 intus
1380 293 1437 327 est,
1462 293 1636 321 renovatur
1657 287 1696 321 de
1716 287 1769 321 die

243 349 323 372 num
343 344 507 380 nostrum,
528 349 586 373 nos
606 345 714 373 autem
735 350 845 373 servos
867 345 990 374 vestros

242 404 302 438 per
324 394 449 428 lesum:
478 393 633 438 quoniam
657 394 740 428 Deus
760 394 814 438 qui
847 394 926 428 dixit
950 394 990 428 de

244 447 386 482 tenebris
406 447 537 482 lumen¹
562 448 801 492 splendescere,
830 448 897 492 ipse
915 448 924 465 ²
945 449 985 482 il—

242 502 323 536 luxit
353 501 386 536 in
411 502 564 537 cordibus
595 502 713 536 nostris
742 503 782 536 ad
818 502 984 536 illumina-

242 555 363 590 tionem
395 556 549 590 scientiae
583 556 738 590 claritatis
766 556 821 590 Dei
847 556 879 589 in
909 556 987 591 facie

241 609 357 643 Christi
380 610 463 643 lesu.
487 610 650 644 Habemus
668 616 775 644 autem
799 610 986 644 thesaurum

241 663 337 697 istum
360 663 393 696 in
414 663 494 697 vasis
514 663 678 705 fictilibus,
695 670 730 697 ut
749 664 930 698 sublimitas
947 664 987 698 sit

241 717 368 751 virtutis
381 717 436 751 Dei
450 717 471 758 ³,
496 723 527 751 et
543 728 607 751 non
630 728 667 750 ex
683 718 773 750 vobis
788 718 808 750 ⁴.
827 718 860 751 111
878 718 985 751 omni-

240 770 301 804 bus
322 771 564 804 tribulationem
590 771 742 815 patimur,
767 771 823 804 scd
843 781 908 804 non
929 782 984 804 an-

240 824 436 867 gustiamur:
461 825 660 869 aporiamur,
678 825 733 859 sed
754 835 818 859 non
840 825 985 858 destitui-

241 889 330 912 mur:
369 879 629 923 persecutionem
650 878 813 923 patimur,
842 880 893 912 et⁵
918 889 983 912 non

240 931 511 976 derelinquimur:
537 931 720 972 deiicimur,
741 933 792 966 et⁶
808 942 872 966 non
897 934 983 976 peri-

240 996 330 1019 mus:
352 995 480 1030 semper
500 985 784 1019 mortificationem
807 987 875 1019 lesu
893 986 983 1020 Chri-

239 1039 298 1073 sti⁷
325 1039 357 1072 in
385 1049 522 1084 corpore
553 1045 665 1073 nostro
696 1040 979 1083 circumferentes,

239 1098 274 1128 ut
293 1099 324 1128 et
343 1092 405 1127 vita
425 1094 494 1127 lesu
516 1092 547 1127 in
569 1093 762 1139 corporibus
775 1094 894 1128 nostris
915 1105 982 1128 ma-

238 1146 417 1181 nifestetur.
432 1147 661 1191 Semperenim
677 1157 746 1188 nos,
764 1148 818 1192 qui
831 1147 978 1189 vivimus,

239 1200 271 1234 in
296 1206 437 1234 mortem
458 1200 617 1234 tradimur
645 1206 779 1246 propter
799 1202 919 1242 Iesum,
948 1208 978 1235 ut

238 1260 269 1287 et
290 1254 351 1288 vita
368 1255 438 1289 Iesu
460 1254 685 1289 manifestetur
702 1255 734 1288 in
753 1266 850 1289 earne
870 1261 980 1289 nostra

237 1308 377 1342 mortali.
410 1308 493 1351 Ergo
522 1319 609 1342 mors
634 1309 664 1342 in
694 1309 786 1342 nobis
813 1315 977 1354 operatur,

236 1361 299 1395 vita
311 1367 419 1396 autem
435 1362 466 1395 in
479 1362 578 1396 robis.
594 1362 754 1396 Habentes
766 1369 874 1396 autem
889 1374 979 1397 eum—

236 1416 308 1450 dem
334 1416 483 1460 spiritum
505 1417 598 1458 tidei,
622 1417 705 1451 sicut
728 1417 884 1461 scriptum
910 1424 977 1451 est:

236 1467 380 1509 Credidi,
404 1474 538 1512 propter
566 1468 652 1512 quod
684 1469 809 1502 locutus
834 1479 926 1510 sum,
950 1476 980 1503 et

234 1532 293 1555 nos
306 1521 481 1561 credimus,
497 1529 631 1566 propter
648 1523 736 1566 quod
750 1528 782 1555 et
795 1523 974 1566 loquimur:

234 1575 371 1610 scientes
397 1576 550 1620 quoniam
577 1577 631 1621 qui
664 1577 825 1610 suscitavit
852 1578 974 1618 lesum,

234 1635 265 1663 et
284 1640 344 1664 nos
364 1641 437 1663 cum
462 1630 532 1664 Iesu
553 1630 730 1672 suscitabit,
755 1637 783 1664 ct
805 1631 978 1665 constituet

232 1682 399 1717 vobiscum
414 1683 434 1717 ⁸.
454 1684 568 1717 Omnia
587 1684 673 1717 enim
694 1690 829 1729 propter
850 1695 915 1726 ros,
943 1692 976 1718 ut

233 1736 336 1779 gratIa
360 1736 530 1771 abundans
563 1749 620 1782 per
652 1739 768 1771 multas
799 1739 975 1780 gratiarum

233 1790 400 1823 actiones⁹
419 1791 562 1825 abundet
593 1792 623 1824 in
647 1792 782 1834 gloriam
805 1793 870 1826 Dei.
893 1794 972 1827 Pro-

233 1849 305 1887 pter
325 1844 411 1888 quod
437 1854 500 1877 non
523 1845 750 1879 det'eeimus'⁰:
771 1846 826 1879 sed
853 1846 926 1880 licet
951 1847 976 1880 is

232 1897 286 1941 qui
313 1898 389 1931 soris
410 1905 454 1932 est
477 1905 586 1932 noster
606 1899 704 1933 bomo
726 1906 972 1944 corrumpatur,

269 2030 278 2056 t
302 2028 379 2067 Cont.
406 2029 495 2056 Const.
519 2034 543 2057 et
565 2038 589 2056 11.
613 2030 672 2057 cod.
694 2031 757 2057 {579¹
786 2032 873 2059 lucem
900 2032 975 2060 iuxta

231 2082 333 2106 textum
349 2079 490 2115 Vulgatae.

266 2133 282 2160 2
296 2133 359 2161 Cod.
379 2133 448 2161 1340
461 2134 561 2161 omittit
576 2135 649 2169 imm
666 2135 700 2161 al.
717 2135 782 2162 3791
802 2136 853 2171 leg.
872 2138 923 2171 (siti
938 2138 973 2164 ll-

232 2183 325 2217 Ιαωίί,Ι
342 2183 421 2210 ambo
440 2187 535 2211 contra
555 2183 661 2219 Vulgat.
679 2188 790 2212 textum.

266 2236 281 2262 3
297 2235 364 2263 Male
375 2235 521 2271 codARffl,
530 2237 856 2267 utsublimitasvirtutis
865 2241 902 2268 sit
912 2241 971 2268 Dei.

266 2290 283 2317 4
298 2290 374 2318 Cont.
395 2291 486 2318 Coust.
510 2295 536 2318 et
552 2291 596 2317 eit.
614 2292 673 2318 cod.
690 2292 755 2320 3791
784 2297 850 2320 rect.
873 2295 970 2331 corrig.

231 2350 266 2368 ea>
287 2341 380 2369 nobis.

263 2396 280 2424 5
291 2395 362 2424 Bene
373 2396 480 2432 quidem
492 2398 579 2423 Garat.
592 2405 651 2423 cum
664 2398 723 2425 cod.
736 2398 800 2425 379¹
815 2398 886 2427 iuxta
896 2400 970 2436 Vulg.

230 2449 295 2473 text.
316 2446 365 2472 sed
388 2454 445 2472 non
466 2446 705 2481 derelinquimur.

265 2499 282 2525 6
297 2499 380 2526 Labb.
398 2499 430 2526 ad
455 2508 540 2534 marg.
563 2501 612 2527 scd
632 2509 698 2527 non.
720 2501 788 2530 Sane
807 2507 880 2531 recte
900 2503 971 2531 iuxta

229 2548 306 2585 Vulg.
327 2552 442 2576 textum.

266 2603 279 2630 7
296 2602 378 2630 Codd.
396 2603 440 2631 cit.
458 2610 574 2639 sequens
585 2604 660 2639 Vulg.
677 2608 740 2631 text.
752 2606 836 2632 omitt.
849 2606 968 2635 Christi.

265 2657 280 2684 8
296 2657 361 2685 eod.
386 2666 412 2684 n.
433 2657 500 2686 ¹340
514 2662 607 2685 contra
623 2661 685 2686 text.
703 2659 780 2695 Vulg.
794 2660 950 2688 nobiscum.

293 2711 366 2746 App.
384 2711 461 2739 fluet.
479 2712 560 2740 Πουι.
596 2728 611 2732 -
632 2713 688 2740 l‘ol.
708 2713 729 2740 J.

912 2714 946 2742 δί’)

1025 340 1056 373 iu
1075 340 1171 374 diem.
1200 341 1234 375 ld
1253 341 1350 383 enim,
1376 342 1462 386 quod
1485 342 1516 375 in
1538 341 1699 386 praesenti
1723 347 1770 375 est

1025 402 1288 429 momentaneum
1311 402 1341 429 et
1366 396 1434 429 lere
1461 396 1679 429 tribulationis
1703 406 1765 430 no-

1023 454 1121 489 strae,
1148 459 1247 493 supra
1271 449 1404 483 modum
1432 450 1463 483 in
1488 449 1689 484 sublimitate
1708 460 1766 484 ac-

1025 507 1150 535 ternum
1165 502 1287 545 gloriae
1301 503 1428 547 pondus
1443 509 1597 547 operatur
1610 503 1642 536 in
1661 504 1766 545 nobis,

1022 565 1087 588 non
1109 556 1407 600 contemplantibus
1427 557 1521 591 nobis
1546 568 1629 601 quae
1650 557 1765 591 viden-

1024 615 1085 649 tur,
1108 609 1165 643 sed
1190 620 1273 653 quae
1298 620 1363 644 non
1384 611 1535 645 videntur
1552 610 1582 645 ¹¹.
1612 612 1698 652 Quae
1720 612 1766 645 vi-

1021 663 1139 696 dentur
1159 664 1257 705 enirn,
1282 665 1475 708 temporalia
1495 672 1583 699 sunt:
1609 677 1692 711 quae
1713 677 1768 700 au-

1023 723 1084 749 tem
1108 728 1172 750 non
1196 718 1357 759 videntur,
1385 725 1514 752 aeterna
1533 726 1617 753 sunt.
1643 720 1768 754 Scimus

1020 771 1118 807 euim.
1137 772 1291 815 quoniam
1306 773 1330 805 si
1350 773 1510 806 terrestris
1524 774 1640 807 domus
1657 780 1767 807 nostra

1020 824 1115 857 buius
1139 825 1349 859 habitationis
1381 826 1587 869 dissolvatur,
1615 828 1702 871 quod
1730 839 1766 862 ex

1018 879 1118 911 [1110ιΞ
1146 879 1406 913 aedificationem
1434 881 1606 922 babemus,
1632 882 1765 915 domum

1018 933 1325 974 11011111111111136111111,
1339 939 1503 967 aeternam
1515 935 1547 968 in
1563 935 1671 969 coelis.
1686 936 1764 969 Nam

1017 990 1047 1019 et
1061 985 1092 1018 in
1107 985 1168 1019 boc
1183 986 1436 1029 ingemiscimus,
1454 987 1686 1022 habitationem
1700 1000 1762 1023 no-

1016 1045 1129 1080 stram,
1151 1051 1233 1084 quae
1251 1041 1290 1074 de
1312 1041 1403 1075 coelo
1422 1047 1479 1082 est,
1500 1042 1691 1085 superindui
1710 1054 1764 1076 cu-

1016 1093 1152 1138 pientes,
1186 1095 1211 1128 si
1244 1101 1352 1129 tamen
1381 1095 1497 1136 vestiti,
1526 1102 1557 1129 et
1585 1106 1651 1130 non
1684 1098 1764 1131 nudi

1017 1147 1232 1182 inveniamur.
1257 1149 1335 1182 Nam
1358 1156 1388 1183 et
1416 1149 1471 1193 qui
1499 1161 1612 1184 sumus
1639 1150 1671 1184 in
1700 1151 1763 1185 hoc

1017 1201 1243 1244 tabernaculo,
1268 1203 1512 1246 ingemiscimus
1527 1204 1545 1220 ¹³
1565 1205 1698 1247 gravati,
1724 1217 1762 1239 eo

1015 1256 1103 1299 quod
1121 1256 1273 1290 nolumus
1292 1257 1437 1302 spoliari,
1461 1259 1517 1291 sed
1537 1260 1759 1303 supervestiri,

1016 1316 1050 1342 ut
1071 1310 1297 1351 absorbeatur,
1319 1312 1406 1355 quod
1428 1312 1565 1346 mortale
1579 1319 1635 1351 est,
1653 1324 1670 1346 a
1685 1313 1757 1347 rita.

1014 1363 1073 1402 Qui
1086 1370 1194 1397 autem
1209 1364 1308 1398 esticit
1324 1375 1383 1399 nos
1397 1365 1428 1398 in
1448 1366 1508 1399 lioc
1527 1366 1645 1410 ipsum,
1662 1367 1757 1408 Deus,

1014 1417 1069 1461 qui
1083 1418 1169 1452 dedit
1188 1419 1280 1452 nobis
1294 1419 1412 1463 pignus
1432 1419 1580 1464 Spiritus.
1598 1421 1760 1455 Audentes

1014 1471 1113 1513 igitur
1131 1483 1271 1516 semper,
1295 1479 1323 1506 et
1344 1473 1483 1507 scientes
1505 1473 1659 1517 quoniam
1681 1475 1758 1508 dum

1012 1536 1124 1558 surims
1142 1526 1173 1558 in
1196 1526 1256 1559 hoc
1282 1536 1441 1570 corpore,
1470 1527 1718 1570 peregrinamur
1742 1541 1759 1562 a

1012 1579 1148 1613 Domino
1176 1583 1256 1624 (per
1288 1580 1384 1613 sidem
1418 1581 1501 1613 enim
1529 1582 1754 1624 ambulamus,

1013 1639 1041 1666 et
1062 1644 1125 1667 non
1140 1644 1198 1678 per
1211 1634 1382 1678 speciem).
1402 1636 1565 1669 Audemus
1580 1641 1705 1676 autem,
1727 1643 1757 1670 et

1012 1688 1130 1721 bonam
1150 1688 1347 1722 voluntatem
1369 1689 1548 1727 babemus,
1573 1691 1674 1732 magis
1694 1702 1753 1735 pe-

1012 1741 1169 1784 regrinari
1184 1752 1201 1774 a
1219 1752 1369 1787 corpore,
1386 1749 1414 1775 et
1429 1750 1615 1787 praesentes
1633 1755 1700 1778 esse
1716 1746 1755 1778 ad

1012 1796 1159 1829 Deum¹⁴z
1182 1802 1209 1829 et
1225 1796 1296 1829 ideo
1311 1797 1547 1838 contendimus,
1566 1799 1628 1831 sire
1642 1800 1755 1832 absen-

1012 1857 1074 1889 tes,
1103 1850 1167 1883 sive
1197 1857 1383 1894 praesentes
1408 1852 1536 1896 placere
1559 1853 1597 1885 ci.
1637 1853 1754 1886 Omnes

1009 1904 1095 1938 enim
1122 1915 1180 1938 nos
1206 1904 1405 1939 manifestari
1434 1912 1562 1950 oportet
1587 1913 1658 1940 ante
1687 1907 1754 1940 Tri-

1044 2034 1060 2059 9
1076 2033 1157 2060 Labb.
1180 2033 1244 2060 ibid.
1266 2033 1339 2060 iuxta
1359 2033 1436 2069 Vulg.
1461 2037 1576 2069 textum,
1598 2039 1670 2061 recte
1691 2042 1751 2061 cor-

1008 2078 1234 2114 1·ig.stcr‘1mtllos
1251 2079 1277 2104 in
1290 2078 1455 2113 oratiarum
1473 2080 1594 2107 actione,

1045 2124 1077 2148 to
1093 2122 1181 2149 (laras.
1195 2131 1254 2149 eum
1267 2122 1311 2149 cit.
1324 2122 1383 2149 codv
1401 2123 1465 2150 3701
1480 2122 1553 2150 iuxta
1564 2123 1666 2159 Vulgat.
1684 2127 1748 2151 text.

1008 2167 1163 2202 deficimus.

1045 2213 1070 2238 11
1091 2211 1153 2238 (ἶοιΙ.
1173 2212 1218 2238 cit.
1235 2211 1305 2239 tato
1319 2215 1456 2247 operalio·
1472 2213 1500 2239 [11
1519 2213 1600 2239 nobis
1617 2221 1671 2240 111111
1683 2221 1749 2240 cou-

1007 2257 1224 2291 temptantibus,
1253 2266 1326 2291 'snae
1354 2257 1500 2291 videnlur,
1522 2258 1571 2284 sed
1595 2267 1668 2292 quite
1690 2267 1747 2285 non

1008 2301 1152 2328 videnlur.
1181 2302 1259 2334 Quae
1285 2302 1419 2330 videnlur
1441 2302 1517 2329 enim
1599 2302 1662 2329 Cod.
1680 2302 1745 2330 3791

1007 2346 1145 2373 nobiscum
1174 2345 1239 2379 legit
1259 2345 1324 2372 iuxt.
1348 2346 1414 2381 Vulg
1446 2350 1566 2379 textum,
1590 2347 1635 2373 ubi
1659 2351 1747 2375 tamen

1007 2390 1132 2417 liabetur.
1155 2392 1233 2423 Quae
1252 2391 1328 2417 enim
1352 2391 1496 2420 videntur.

1045 2436 1076 2462 12
1093 2435 1180 2462 Verba
1195 2443 1231 2462 ex
1251 2436 1310 2463 Deo
1326 2435 1351 2463 iu
1367 2436 1443 2471 Vulg.
1461 2436 1586 2472 leguntur
1601 2441 1670 2473 post.
1688 2447 1744 2465 xor.

1006 2481 1147 2508 habemus.

1045 2526 1140 2554 13011.
1165 2526 1224 2553 cod.
1244 2525 1311 2553 1340
1335 2527 1552 2561 z'nycmt‘scimms
1578 2531 1604 2556 et
1632 2530 1746 2562 ,ιιναυαίί

1005 2576 1097 2599 contra
1117 2571 1222 2606 Vulgat.
1241 2575 1354 2599 textum.

1042 2617 1073 2643 tt
1094 2616 1169 2652 Vulg.
1191 2616 1243 2652 leg.
1265 2617 1303 2644 ad
1324 2618 1494 2653 Dominum,
1512 2622 1535 2646 et
1553 2626 1610 2646 mox
1630 2619 1744 2654 plaeere

1005 2662 1060 2689 itti.

1796 239 1846 265 An.
1870 240 1898 265 t).
1915 239 1966 265 523

1810 677 1898 697 Aererna
1917 683 1968 703 prae

1783 704 1850 724 oculis
1861 704 1967 725 trahenda,
