2244 3183
65 277 114 303 An.
136 274 162 302 C.
180 274 231 302 478

85 761 167 783 Gaudet
177 761 203 782 do
214 767 247 782 ro·

63 789 136 810 siiiuia
151 794 212 815 pace.

124 1401 248 1423 Timotheus

63 1433 115 1449 suao
125 1429 170 1449 sedi
179 1429 249 1449 reddi·

63 1457 96 1475 lus
114 1461 247 1477 commonen-

873 273 899 297 S.
924 273 1104 298 SIMPLICIL'S
1124 273 1175 298 PP.

1688 261 1751 306 02317

261 322 403 356 iucundo
413 322 591 365 gratuletur
605 320 900 361 affectu¹studium,
916 322 1003 365 quod
1037 321 1119 354 seori
1139 331 1258 355 nomen
1279 321 1362 355 inter
1379 321 1492 354 altaria
1511 320 1713 360 recitaretur,
1727 330 1780 354 ex-

261 375 440 409 desensioni
465 375 541 409 fidei
562 375 697 409 sinceris
721 375 884 408 mentibus
909 375 1000 407 exhi-

260 430 366 471 betur,
383 430 483 463 literis
497 435 570 463 tuae
584 430 766 463 dilectionis
787 429 972 472 agnoscitur
981 428 1002 469 ¹³,

262 484 392 527 quando
413 490 485 528 post
505 490 593 518 tanta
613 484 800 524 certamina,
818 483 936 527 quibus
947 482 1003 516 Dei

262 537 486 571 misericordia
506 538 538 570 in
557 548 651 571 causa
664 537 816 582 propriae
837 536 1004 579 religionis

263 591 401 624 famulos
433 597 463 624 et
491 591 655 624 ministros
694 601 770 624 suae
806 589 1004 624 constituens

262 644 412 688 potestati
432 644 454 683 ³,
478 644 724 688 probatissimos
752 643 813 676 sibi
838 643 913 677 fecit
937 653 1005 676 esse

262 697 410 731 victores.
431 698 598 742 Siquidem
624 697 839 731 Alexandrina
864 697 1005 730 Ecclesia

263 751 371 785 divino
392 753 523 785 tandem
545 752 666 786 iudicio
688 753 834 792 liberata,
863 751 896 784 in
921 761 1002 785 con-

261 805 398 839 sortium
421 806 644 839 communium
665 817 724 839 nos
744 806 903 839 advocans
921 816 1002 848 gau-

262 860 402 901 diorum,
424 870 497 893 eum
530 860 585 904 qui
613 860 652 893 ab
682 859 846 893 haeretico
878 860 1005 902 fugatus

260 914 374 954 fuerat,
399 914 439 946 ad
464 914 533 947 eius
564 914 674 947 sedem
702 913 835 947 rediisse
864 912 1001 946 testaris.

261 967 352 1000 Unde
372 967 489 1000 animis
510 967 728 1000 exultantibus
753 967 794 1000 ad
814 966 1006 999 universalis

260 1020 422 1054 Ecclesiae
458 1021 600 1064 quietem
634 1021 759 1055 Christo
795 1021 860 1054 Deo
895 1025 1005 1053 nostro

260 1084 320 1117 pro
341 1074 443 1107 salute
472 1074 613 1118 primum
643 1073 823 1107 fidelissimi
851 1072 1006 1117 principis

261 1127 499 1171 supplicamus,
532 1128 583 1161 cui
612 1139 670 1172 pro
703 1127 893 1167 devotione,
925 1138 1007 1171 quae

262 1189 396 1216 cunctos
416 1183 579 1216 antevenit
599 1183 794 1223 sacerdotes,
811 1183 914 1226 pietas
928 1183 1007 1216 baec

263 1236 370 1269 divina
397 1237 567 1277 concedit,
601 1248 683 1280 quae
715 1247 773 1270 nos
802 1237 923 1270 liberos
947 1246 1007 1280 pro

263 1289 393 1333 populis
414 1290 597 1323 christianis
625 1291 710 1334 apud
736 1289 1006 1334 omnipotentiam

263 1343 435 1377 coelestem
450 1349 592 1388 praestat
613 1343 816 1388 interpretes.
832 1343 920 1377 Sicut
931 1353 1008 1385 ergo

264 1396 296 1429 in
314 1397 421 1430 reditu
441 1398 548 1431 fratris
569 1404 600 1432 et
619 1398 803 1442 coepiscopi
833 1397 935 1431 nostri
952 1397 1011 1430 Tiar

263 1451 384 1484 mothei
398 1452 609 1493 gratulamur,
625 1452 668 1485 ita
681 1462 766 1492 eum,
781 1456 1009 1485 commonente

262 1503 435 1538 dilectione
447 1510 511 1545 tua,
528 1505 675 1548 cupimus
692 1504 1008 1548 irreprehensibilem

263 1558 410 1602 reperiri3
435 1558 511 1602 quia
532 1558 708 1592 meministi
729 1559 801 1598 hoc,
826 1569 900 1592 eum
926 1558 1007 1590 iam-

265 1613 388 1646 dudum
424 1613 529 1646 fidelis
568 1613 726 1657 praesulis
762 1623 828 1646 non
858 1612 1009 1646 habuisse

265 1666 491 1708 constantiam,
509 1667 640 1711 quando
658 1667 698 1708 ei,
723 1672 757 1700 ut
775 1666 919 1700 damnati
936 1666 1010 1700 Dio-

301 1793 312 1819 1
331 1791 413 1820 Codd.
429 1792 485 1819 Vat.
501 1793 580 1826 3786,
597 1792 665 1820 5617
677 1792 787 1828 effectu.
803 1792 842 1819 Ad
857 1795 924 1819 orat.
943 1800 1008 1819 con-

265 1840 330 1865 text.
350 1837 439 1873 aptius
459 1837 578 1865 videtur.

299 1883 316 1908 2
336 1882 401 1909 Cod.
418 1882 487 1910 5617
502 1882 536 1909 ad
550 1882 664 1918 margin.
684 1882 799 1918 aymoni.

300 1927 315 1954 3
334 1926 374 1954 Id.
396 1927 456 1954 cod.
477 1935 545 1955 sitae
564 1927 737 1955 constituens
749 1927 909 1962 potestatis.
931 1927 1010 1955 Forte

265 1971 327 2000 mel.

299 2017 360 2044 41η
376 2016 440 2044 edit.
458 2025 528 2044 rom.
550 2021 706 2044 constanter
726 2017 873 2045 exhibetur
892 2017 938 2044 Ill.
963 2025 1009 2044 ve-

265 2063 314 2089 luti
330 2071 489 2098 pronomen,
507 2071 559 2098 quo
580 2067 686 2090 veteres
700 2063 738 2090 uti
754 2063 877 2090 sotebant
892 2062 949 2090 loco
962 2070 1010 2089 no-

265 2107 344 2134 minis
360 2106 470 2143 proprii.
493 2107 569 2142 Apud
589 2107 754 2135 recentiores
769 2107 860 2135 littera
884 2107 912 2134 N
925 2107 1009 2134 usita-

265 2151 327 2179 tior.
348 2151 405 2179 Non
434 2155 475 2178 est
501 2155 590 2178 autem
616 2151 850 2186 obliviscendum,
872 2151 1010 2179 consulem

265 2196 409 2232 quemdam
430 2196 525 2224 vixisse
552 2196 661 2224 nomine
681 2197 762 2228 Ilius,
783 2197 829 2232 qui
849 2197 876 2223 in
895 2197 1011 2231 vulgatis

265 2241 466 2277 exemplaribus
486 2245 515 2268 ut
544 2241 690 2277 plurimum
714 2242 797 2269 Etlus
819 2241 927 2277 legitur,
948 2242 1011 2269 licet

265 2285 422 2321 inscriptum
433 2286 503 2312 Ittus
515 2285 615 2321 ubique
629 2285 654 2312 in
665 2294 730 2312 mss.
742 2289 876 2318 occurrat,
892 2287 932 2313 vel
944 2295 1010 2313 con-

265 2333 337 2358 sent.
359 2339 449 2365 graec.
467 2330 656 2366 scriptoribus.
678 2330 715 2357 Ita
727 2330 830 2357 Contin.
848 2331 938 2358 Const.
955 2331 1008 2358 1.c.

301 2375 317 2402 5
333 2375 370 2401 Ex
386 2374 469 2402 Mansi
482 2376 594 2402 Collect.
613 2375 722 2402 Concil.
735 2379 798 2402 tom.
818 2383 866 2408 vii,
878 2375 929 2403 col.
946 2375 1007 2403 084.

281 2420 318 2462 ι6
336 2420 489 2447 Tillemont.
519 2420 641 2447 Memoir
667 2428 744 2454 pour
769 2420 893 2447 serviro
922 2421 1008 2448 t'hz‘sc.

266 2465 331 2491 eccl.
349 2468 404 2491 not.
429 2465 471 2496 11,
490 2463 540 2491 vol.
563 2463 605 2498 16,
623 2463 686 2491 edit.
710 2472 768 2491 ven.
796 2464 874 2497 1732,
890 2464 1011 2491 animad-

267 2511 384 2543 vertens,
394 2516 488 2536 omnes
498 2508 626 2544 Simplicii
638 2508 766 2543 epistolas
777 2508 810 2535 de
820 2508 902 2535 rebus
916 2509 1011 2536 Orien-

269 2552 302 2579 tis
322 2552 394 2580 haud
415 2562 511 2589 parum
531 2562 591 2580 esse
611 2557 762 2589 corruptas,
788 2557 910 2581 autumat
931 2553 1010 2581 liuius

268 2597 347 2633 epist.
368 2598 476 2625 initium
501 2598 696 2626 desumendum
713 2606 772 2625 esse
787 2606 803 2625 a
820 2598 909 2626 verbis
933 2599 1010 2626 Olim

269 2642 448 2677 divinorum,
465 2651 549 2679 quum
570 2643 760 2679 praecedentia
779 2643 949 2670 tabellarium
961 2643 1010 2671 de-

269 2686 386 2722 signent.
412 2687 477 2714 lluic
501 2688 650 2715 sententiae
670 2687 776 2728 Contin.
804 2687 943 2715 Constant.
965 2697 1009 2724 op.

356 2742 430 2777 App.
448 2742 527 2770 Bull.
544 2742 628 2770 Rom.
644 2758 679 2763 —
697 2743 756 2770 Vol.
773 2742 795 2770 1.
942 2743 977 2769 28

1038 380 1158 408 tortum
1177 382 1234 409 est.

1082 429 1160 462 Data
1180 429 1273 462 tertia
1298 429 1370 462 idus
1389 429 1503 470 Martii,
1526 429 1574 462 Ill.
1599 439 1627 461 V.
1650 439 1676 462 c.
1706 437 1782 461 con-

1038 481 1107 514 sule
1127 482 1148 514 ⁴.

1075 533 1134 561 Dat.
1159 535 1190 561 13
1209 535 1309 566 Martii,
1331 543 1374 562 an.
1392 536 1454 562 478.

1262 690 1446 724 EPISTOLA
1460 691 1524 724 VIII
1538 691 1559 724 ⁵.

1038 789 1164 822 Zenoni
1180 788 1216 821 de
1243 788 1399 821 Timothei
1415 788 1696 831 redintcssratione
1713 800 1786 832 [sra-

1084 839 1148 872 tias
1179 839 1258 881 cipit,
1296 848 1428 880 eumque
1452 841 1559 880 reflat,
1585 841 1621 870 ut
1653 838 1786 871 Petrum.

1084 889 1229 932 Mquum
1252 887 1501 920 Aterondrincte
1525 887 1687 920 Ecclesiae
1713 898 1786 931 pcr-

1085 938 1284 971 turbatorem
1304 935 1424 979 expelli
1445 935 1562 968 iuoeat.

1093 1007 1264 1042 Simplicius
1280 1007 1444 1041 Episcopus
1461 1007 1571 1034 Zenoni
1586 1007 1732 1042 Augusto.

1085 1070 1144 1103 Per
1164 1070 1295 1103 Petrum
1316 1069 1422 1102 virum
1443 1069 1652 1113 spectabilem
1678 1069 1783 1103 comi-

1042 1129 1105 1157 tem
1141 1123 1302 1156 Placidiae
1334 1122 1555 1156 nobilissimae
1592 1122 1753 1156 foeminae
1776 1123 1787 1139 ⁶

1041 1178 1119 1211 olim
1141 1177 1325 1211 divinorum
1355 1176 1553 1210 exultatione
1585 1187 1758 1210 munerum
1776 1204 1783 1217 ‚

1042 1232 1248 1276 triumphalis
1272 1231 1305 1264 in
1330 1231 1468 1264 Domino
1489 1231 1580 1273 regni
1600 1231 1696 1264 vestri
1719 1231 1787 1273 glo-

1042 1286 1090 1319 ria
1110 1285 1284 1319 dilatatur⁷
1298 1311 1306 1325 ,
1331 1295 1403 1318 curn
1425 1284 1614 1318 universalis
1635 1284 1788 1318 ecclesiae

1042 1339 1161 1382 gaudio
1183 1338 1414 1372 mediocritatis
1435 1348 1526 1371 meae
1552 1338 1662 1371 literas
1687 1338 1784 1371 obtu-

1043 1393 1116 1426 lisse
1147 1392 1351 1426 meminerim
1369 1392 1398 1433 ⁸3
1432 1403 1492 1425 nec
1515 1392 1598 1425 inter
1622 1392 1788 1425 universos

1044 1447 1222 1480 catholicae
1243 1446 1319 1480 fidei
1339 1446 1523 1480 sacerdotes
1543 1456 1643 1490 opera
1659 1446 1787 1479 Domini

1043 1500 1145 1534 nostri
1164 1500 1175 1517 ⁹
1195 1500 1243 1533 vel
1268 1500 1354 1533 solus
1375 1499 1465 1543 potui
1490 1505 1616 1540 tacere,
1644 1500 1693 1532 vel
1716 1499 1785 1543 pri-

1044 1564 1136 1587 mus:
1172 1553 1248 1597 quia
1277 1554 1455 1586 secundum
1486 1552 1617 1586 beatum
1652 1553 1787 1585 Paulum

1044 1608 1234 1652 Apostolum
1263 1607 1471 1641 ecclesiarum
1498 1607 1643 1640 omnium
1675 1617 1786 1639 curam

1043 1662 1203 1695 sustinens
1218 1659 1241 1678 ¹⁰
1258 1661 1335 1694 mihi
1354 1671 1513 1695 summam
1531 1660 1639 1703 gaudii
1660 1660 1699 1693 de
1716 1660 1789 1694 red-

1043 1796 1088 1823 cit.
1110 1799 1137 1823 et
1156 1795 1216 1823 cod.
1240 1795 1298 1823 Vat.
1328 1795 1396 1822 5617
1417 1795 1538 1830 accedit,
1560 1795 1606 1831 qui
1626 1794 1709 1822 verba
1730 1794 1789 1823 Per

1043 1842 1175 1875 Petrum,
1192 1844 1243 1868 etc.
1261 1840 1331 1867 intra
1346 1840 1530 1876 parenthesim
1546 1839 1690 1867 concludit.
1705 1839 1789 1867 Porro

1044 1885 1111 1913 haec
1132 1885 1225 1920 verba,
1247 1893 1316 1921 quae
1337 1885 1478 1920 periodum
1499 1885 1570 1912 haud
1586 1893 1680 1920 parum
1699 1884 1790 1920 impli-

1043 1934 1115 1961 cant,
1128 1930 1164 1957 ibi
1184 1934 1255 1963 sunt,
1267 1930 1313 1957 uhi
1327 1929 1461 1957 tabellarii
1477 1938 1575 1958 nomen
1597 1938 1650 1957 non
1669 1937 1731 1956 raro
1751 1929 1790 1956 in-

1043 1975 1126 2003 scribi
1136 1975 1213 2003 solet.

1079 2021 1094 2047 7
1111 2020 1150 2047 Ita
1162 2020 1227 2048 edit.
1241 2028 1301 2047 cum
1313 2019 1372 2047 cod.
1386 2020 1444 2047 Vat.
1458 2019 1527 2047 3786
1538 2023 1565 2047 et
1574 2019 1653 2048 5617:
1667 2019 1790 2047 dilatata

1045 2073 1108 2093 vero
1120 2065 1173 2101 leg.
1187 2065 1262 2092 Cont.
1276 2065 1366 2092 Const.
1380 2064 1430 2092 loc.
1445 2065 1490 2091 cit.
1508 2064 1580 2091 iuxta
1595 2064 1630 2091 al.
1647 2073 1711 2091 mss.
1728 2064 1788 2090 Vat.

1079 2111 1095 2138 8
1115 2109 1179 2137 Cod.
1197 2109 1255 2137 Vat.
1272 2110 1340 2137 5617
1358 2109 1591 2137 mediocritatem
1606 2117 1699 2136 meam
1712 2109 1789 2136 litte-

1044 2163 1093 2182 ros
1113 2155 1245 2182 obtulisse
1269 2155 1402 2182 memini.
1428 2153 1518 2181 lnnuit
1539 2157 1630 2181 autem
1650 2162 1693 2189 ep.
1711 2161 1789 2180 suam

1044 2208 1059 2227 a
1080 2199 1159 2227 nohis
1179 2200 1294 2235 positam
1315 2199 1365 2226 sub
1386 2207 1460 2226 num.
1483 2206 1515 2233 V,
1537 2207 1597 2235 pag.
1619 2198 1671 2226 213
1690 2198 1741 2225 col.
1765 2200 1788 2225 1.

1044 2244 1187 2272 Caeterum
1203 2243 1330 2280 periodus
1350 2243 1415 2270 satis
1436 2243 1551 2279 implexa
1573 2243 1669 2270 clarior
1684 2243 1747 2276 fiet,
1768 2242 1790 2269 si

1045 2289 1179 2315 varlautes
1194 2288 1328 2315 editiones
1348 2288 1432 2323 probe
1452 2291 1626 2321 connectens,
1643 2287 1680 2313 ita
1696 2286 1787 2322 legas:

1045 2333 1103 2360 Per
1117 2333 1239 2360 Petrum
1258 2333 1354 2360 virum
1375 2332 1560 2367 spectabilem
1576 2332 1706 2358 comitem
1720 2331 1790 2358 Pta-

1044 2377 1139 2404 cidiao
1156 2377 1354 2404 nobilissimae
1370 2377 1526 2411 somniuae,
1542 2376 1609 2404 olim
1626 2377 1790 2403 divinorum

1044 2423 1223 2450 multatione
1238 2430 1389 2450 mimeram
1406 2423 1593 2458 triumphalis
1608 2422 1692 2456 requi
1702 2422 1790 2449 vestri

1044 2467 1140 2501 qtorz'a
1156 2467 1291 2499 dilatata,
1303 2475 1368 2493 cum
1381 2467 1556 2494 universalis
1571 2467 1701 2494 ecclesiae
1716 2475 1789 2501 yan-

1045 2511 1091 2537 dz‘o
1106 2511 1316 2538 mediocritatis
1333 2520 1411 2538 mette
1421 2512 1530 2540 litteras
1540 2512 1670 2539 obtulisse
1685 2511 1790 2538 memi-

1045 2556 1085 2582 ni..
1104 2555 1149 2582 Vel
1166 2555 1264 2590 potius,
1277 2559 1375 2590 puncto
1387 2556 1465 2583 affixo
1481 2560 1541 2591 post
1559 2564 1616 2583 voc.
1632 2555 1789 2590 foeminae,

1045 2600 1186 2636 epistolam
1202 2600 1239 2627 ita
1257 2600 1387 2636 incipias:
1411 2601 1484 2628 Olim
1499 2602 1676 2635 diuinorum,
1694 2604 1745 2627 etc.

1053 2642 1066 2650 ⁸
1080 2645 1097 2671 9
1118 2645 1173 2672 Duo
1189 2653 1234 2671 nn.
1256 2644 1333 2672 codd·
1355 2645 1407 2672 Dei
1423 2645 1526 2673 nostri.

1085 2691 1116 2717 ¹0
1136 2690 1157 2717 lI
1179 2689 1300 2718 Corinth.
1319 2698 1357 2725 xi,
1378 2690 1422 2717 ⁶28.

1815 271 1864 298 An.
1885 271 1914 300 C.
1931 273 1984 300 478

1828 1067 1892 1087 Datus
1905 1067 1986 1087 litteras

1801 1096 1958 1115 conunemorat.

1835 1562 1890 1583 Cura
1903 1562 1988 1582 univer-

1803 1590 1852 1609 salis
1877 1589 1986 1608 Ecclesiae

1803 1616 1884 1636 credita
1898 1615 1975 1635 Pontii.
