2244 3183
204 213 254 239 An.
269 213 298 241 C.
318 211 370 240 536

265 328 386 354 nei-umque

202 357 296 402 ¹t-ielinpore
318 355 386 376 Silve-

228 755 249 775 lu
259 754 326 780 ipsum
337 759 384 775 sen-

201 783 279 805 tentia.
295 786 337 808 qua
351 786 384 801 sa·

200 807 295 829 cerdotio
316 808 384 835 priva·

201 838 240 856 tur.

226 1395 365 1422 Subscriptio.

433 203 497 237 5⁶26

919 215 936 238 Α
942 213 1073 238 rrame
1098 213 1252 239 BULLARII
1275 214 1398 240 nomm

406 261 547 304 meliam,
564 271 748 306 novumque
761 261 865 296 scelus
878 262 998 295 erroris
1012 262 1044 295 in
1057 263 1141 306 Apo·
1175 262 1319 307 episcopi
1347 262 1625 307 subscripserunt,
1649 264 1682 297 id
1707 270 1753 298 est
1770 265 1916 300 Terraci-

401 315 548 350 stolicam
576 315 691 349 Sedem
709 314 717 331 ¹
743 326 855 349 rursus
884 314 1019 349 niteris²
1039 315 1136 348 indu-

401 379 485 409 cere,
509 374 539 402 et
560 368 591 402 in
617 379 741 403 morem
759 368 909 410 Simonis,
933 369 1023 402 cuius
1044 368 1140 402 disci-

400 424 512 468 pulum
528 429 557 457 te
570 422 713 457 ostendis
727 422 890 466 operibus,
903 422 975 456 data
989 422 1137 467 pecunia,

401 487 517 521 meque
550 476 699 521 repulso,
732 476 800 520 qui,
833 476 958 510 favente
988 476 1138 518 Domino,

401 530 502 564 tribus
520 530 582 563 iam
605 530 723 573 iugiter
740 530 878 564 emensis
898 530 1101 575 temporibus
1112 531 1141 564 ei

400 584 589 628 praesideo,
613 584 783 629 tempora³
801 594 871 618 mea
893 584 1026 618 nitaris⁴
1051 584 1140 618 inva-

401 638 488 672 dere.
521 638 668 672 Habeto⁵
688 648 766 682 ergo
791 649 862 672 cum
895 638 965 680 his,
998 638 1051 683 qui
1084 638 1140 672 tibi

400 691 617 733 consentiunt,
651 691 799 736 poenae⁶
823 691 1043 726 damnationis
1062 703 1137 727 sen-

401 746 546 787 tentiam,
569 746 799 790 sublatumque
819 746 876 780 tibi
893 756 1014 780 nomen
1028 752 1057 780 et
1072 757 1142 780 mu-

398 809 458 833 nus
479 799 651 833 ministerii
667 800 877 834 sacerdotalis
890 810 1041 844 agnosce,
1061 800 1141 834 San-

399 853 441 887 cti
460 852 599 898 Spiritus
619 853 741 888 iudicio
762 859 792 888 et
812 854 989 899 apostolica
1010 865 1028 888 a
1047 855 1142 889 nobis

398 906 591 941 auctoritate
622 907 803 942 damnatus.
836 908 889 942 Sic
921 908 1007 942 enim
1029 908 1143 942 decet⁷

398 960 497 994 fidem
514 966 702 995 sanctorum
722 962 854 995 Patrum
868 961 901 994 in
914 961 1056 996 Ecclesia
1073 972 1141 996 ser-

397 1013 465 1047 vari
486 1014 658 1056 catholica,
692 1020 728 1049 ut
755 1016 844 1060 quod
864 1015 978 1049 habuit
1002 1016 1138 1057 amittat,

397 1068 453 1112 qui
485 1068 694 1113 improbabili
726 1070 924 1112 temeritate,
959 1070 1047 1114 quod
1076 1080 1140 1104 uon

398 1122 535 1166 accepit,
559 1123 779 1167 assumpserit.

440 1175 519 1209 Data
550 1181 663 1210 octavo
688 1177 843 1211 kalendas
867 1177 959 1219 Iulii,
994 1177 1141 1222 principe

398 1229 516 1263 Basilio
530 1229 550 1262 ⁸.

434 1291 492 1319 Dat.
513 1291 557 1319 die
571 1291 606 1320 24
621 1292 701 1328 lunii,
719 1301 781 1321 ann.
796 1314 849 1321 .....

443 1389 568 1424 Caelius
591 1390 743 1424 Silverius
768 1391 855 1435 Papa
879 1391 968 1424 urbis
999 1391 1143 1425 Romae⁹

398 1441 473 1475 huic
485 1443 616 1477 decreto
626 1443 841 1478 anathematis
855 1444 887 1478 in
900 1445 1016 1488 Vigilio
1029 1455 1143 1489 perva-

398 1503 472 1527 sore
485 1492 508 1511 ¹⁰
526 1494 609 1528 sacto
623 1495 663 1528 ad
681 1495 790 1528 omnia
810 1500 928 1529 statuta
948 1506 1141 1530 consensum

398 1547 557 1591 praehens
584 1548 773 1593 subscripsi,
801 1549 923 1593 pariter
947 1555 978 1584 et
1002 1555 1143 1594 quatuor

435 1692 446 1718 1
464 1690 561 1719 Baron.
579 1695 606 1719 et
620 1692 711 1720 Caras.
727 1701 787 1720 cum
804 1692 864 1720 cod.
882 1693 952 1721 1344
972 1693 1003 1721 in
1020 1693 1142 1729 Aposto-

399 1735 457 1763 lica
473 1736 556 1763 Sede.

434 1779 451 1807 2
467 1779 544 1808 Cont.
561 1780 650 1809 Const.
667 1788 729 1810 mss.
748 1789 810 1809 cum
826 1781 886 1809 cod.
906 1780 974 1809 1340
988 1782 1105 1811 nitaris.

434 1824 450 1852 3
469 1824 511 1853 Sic
535 1833 629 1854 omnes
649 1825 733 1862 legg.;
754 1834 788 1854 an
814 1826 884 1855 iura
908 1826 1016 1863 legend.
1041 1826 1143 1855 iudicet

398 1868 493 1897 lector.

434 1914 450 1941 4
470 1914 568 1942 Baron.
593 1923 653 1944 cum
678 1915 738 1943 cod.
761 1916 829 1944 1344
849 1920 875 1944 et
894 1915 980 1944 Labb.
1002 1916 1035 1945 ad
1056 1925 1140 1952 marg.

398 1959 513 1988 niteris.

433 2004 451 2031 5
466 2003 539 2031 Grat.
556 2012 631 2033 caus.
646 2013 723 2040 xx111,
744 2014 770 2042 q.
793 2012 830 2040 w,
852 2015 875 2034 c.
898 2006 932 2034 30
951 2015 1057 2043 paragr.
1080 2007 1140 2042 ult„

399 2055 469 2084 quae
488 2049 582 2085 verba,
603 2053 748 2086 antequam
768 2059 784 2078 e
804 2055 857 2079 vet.
873 2059 937 2079 mss.
953 2051 1066 2079 Silverio
1080 2052 1142 2080 red-

399 2093 530 2121 derentur
541 2117 549 2129 ,
577 2093 705 2122 Silvestro
725 2095 951 2124 adscribebantur
963 2118 970 2131 ,
991 2096 1031 2124 uti
1046 2097 1143 2124 asserit

398 2137 519 2165 Correct.
536 2138 612 2166 Rom.
629 2139 700 2175 apud
716 2139 786 2167 Pith.

434 2184 451 2210 6
466 2183 531 2211 Cod.
549 2184 618 2211 1340
630 2193 750 2220 poenae,
764 2185 1038 2222 damnationisque3
1054 2186 1140 2214 Labb.

399 2228 432 2255 ad
453 2236 537 2264 marg.
558 2232 729 2264 perpetuae;
756 2230 816 2258 cod.
840 2231 907 2259 1344
929 2231 1033 2259 nobisc.
1059 2231 1140 2267 legit3

399 2273 471 2300 Grat.
486 2272 553 2300 ibid.
566 2275 684 2309 plenae.

435 2317 450 2344 7
466 2317 505 2344 Id.
524 2317 602 2345 Caus.
619 2326 680 2354 xxv,
696 2328 724 2355 q.
740 2326 768 2355 11,
786 2329 810 2347 c.
826 2320 871 2354 22,
883 2329 964 2356 quem
981 2320 1050 2348 Pith.
1068 2323 1144 2348 notat

400 2369 432 2389 ex
451 2361 535 2390 Leon.
556 2361 729 2399 desumptum
755 2364 851 2393 referri
873 2365 907 2393 ab
931 2365 1007 2394 Ivon.
1032 2374 1074 2402 ep.
1099 2374 1142 2401 xx,

400 2414 460 2442 pag.
478 2406 522 2434 24.

434 2450 452 2477 8
468 2451 507 2478 ΑΙ.
528 2451 672 2480 Belisario
694 2453 836 2482 Patricio.
859 2453 1000 2490 Baronius,
1021 2455 1144 2483 animad-

401 2498 508 2523 vertens
522 2496 627 2523 nullum
641 2496 697 2524 sive
710 2497 815 2533 Basilii,
831 2498 887 2525 sive
908 2498 1028 2527 Belisarii
1049 2507 1144 2528 consu-

401 2540 484 2567 latum
504 2540 610 2568 Silverii
629 2541 797 2577 temporibus
816 2543 975 2579 convenire,
998 2543 1066 2572 hanc
1085 2547 1142 2572 not.

402 2584 557 2621 chronolog.
574 2585 708 2614 adiectam
723 2587 868 2615 existimat.

1174 316 1293 358 nensis,
1319 316 1504 357 Fundanus,
1531 316 1700 350 Firmanus
1728 323 1758 351 et
1785 318 1917 353 Mintur-

1175 370 1282 404 nensis
1296 368 1326 403 ¹¹.
1693 372 1696 374 ’

1219 424 1297 457 Data
1311 424 1370 458 ista
1387 424 1533 458 chartula
1551 434 1609 469 per
1622 425 1825 459 Anastasium
1843 426 1918 459 sub-

1176 476 1362 511 diaconum.

1406 640 1590 675 EPISTOLA
1615 640 1640 675 11
1654 640 1685 674 ¹⁴¹.

1178 747 1382 783 Charitalcm
1411 748 1565 791 laudans,
1589 749 1760 783 Amatoris
1784 759 1861 794 crya
1888 760 1920 783 se

1221 811 1476 845 benevolentiam
1493 812 1625 853 imznit;
1642 823 1700 846 cur
1716 823 1737 846 a
1755 812 1920 846 Belisario

1220 875 1258 908 in
1277 875 1417 908 exilium
1436 876 1479 908 sit
1496 875 1617 909 missus
1629 876 1775 920 exponit,
1790 876 1918 910 animi-

1221 950 1283 983 que
1296 940 1516 973 constantiam
1529 939 1769 982 demonstrans,
1782 951 1917 973 accusa-

1223 1006 1315 1042 tores,
1337 1001 1388 1035 vel
1414 1006 1504 1035 testes
1523 1001 1635 1045 salsos,
1664 1002 1828 1043 inimicos,
1863 1006 1922 1035 aut

1220 1070 1382 1109 suspectos
1402 1066 1439 1098 in
1459 1066 1644 1109 episcopum
1661 1075 1848 1109 numquam
1867 1076 1921 1098 su-

1221 1128 1403 1172 scipiendos
1414 1128 1525 1169 cdicz't,·
1539 1128 1582 1161 acl
1592 1129 1748 1162 virtulem
1759 1128 1921 1162 hortatur.

1262 1209 1464 1238 Dilectissimo
1498 1213 1590 1244 atque
1623 1209 1832 1238 amantissimo

1296 1263 1428 1290 Amatori
1442 1263 1586 1297 Episcopo
1603 1263 1629 1285 13
1645 1262 1803 1292 silverius.

1222 1334 1246 1368 Ο
1266 1345 1364 1379 quam
1381 1335 1469 1369 bona
1486 1340 1533 1369 est
1550 1335 1691 1369 charitas
1704 1334 1735 1377 ¹⁴,
1759 1345 1843 1380 quae
1862 1336 1920 1370 ab·

1178 1387 1284 1422 sentia
1306 1399 1365 1432 per
1396 1388 1571 1432 imaginem
1588 1416 1595 1430 ‚
1629 1389 1814 1433 praesentia
1844 1389 1921 1424 sibi-

1178 1441 1307 1485 metipsi
1328 1441 1457 1475 exhibet
1475 1453 1535 1486 per
1554 1453 1711 1476 amorem.
1735 1443 1840 1477 Divisa
1853 1449 1922 1477 tan-

1178 1494 1268 1538 git¹⁵,
1285 1495 1420 1529 confusa
1439 1496 1581 1538 ordinat,
1605 1496 1788 1541 inaequalia
1807 1497 1919 1539 sociat,

1178 1549 1368 1594 imperfecta
1394 1550 1532 1595 perficit.
1560 1550 1661 1590 Quam
1680 1557 1767 1585 recte
1786 1551 1920 1596 praedi-

1364 1662 1378 1675 Ο

1213 1693 1248 1721 10
1262 1693 1359 1721 Baron.
1377 1697 1403 1721 et
1418 1693 1504 1721 Labb.
1522 1693 1555 1721 ad
1571 1701 1655 1729 marg.
1674 1697 1741 1722 rect.
1758 1694 1874 1730 corrigg.
1891 1694 1922 1721 in

1181 1737 1323 1773 Viyilz'um
1335 1746 1530 1773 pervasorem.

1215 1782 1243 1809 11
1260 1782 1441 1810 Meterrensis
1461 1783 1503 1809 vel
1524 1782 1708 1810 Mitem-nensis
1728 1781 1804 1810 Cont.
1827 1783 1918 1811 Const.

1177 1834 1255 1860 mss.;
1266 1826 1345 1854 codd.
1361 1835 1408 1854 nn.
1425 1827 1617 1856 Meterrensis.

1215 1872 1247 1898 12
1262 1872 1302 1898 Ex
1313 1871 1399 1899 Labb.
1413 1872 1523 1900 Concil.
1535 1872 1641 1900 collect.
1655 1875 1721 1900 tom.
1733 1879 1760 1906 v,
1772 1873 1824 1900 col.
1841 1872 1919 1905 ¹27oe

1177 1920 1205 1944 et
1220 1924 1253 1944 ex
1269 1916 1357 1944 Caras.
1374 1924 1436 1952 pag.
1452 1917 1514 1945 594.
1533 1926 1545 1943 «
1561 1917 1638 1944 Hanc
1658 1925 1701 1953 ep.
1723 1925 1782 1945 esse
1801 1917 1921 1953 spuriam

1177 1961 1304 1990 omnibus
1320 1964 1392 1989 extat
1406 1961 1559 1995 indubium,
1575 1961 1621 1998 qui
1637 1970 1695 1989 eam
1710 1962 1802 1998 potius
1816 1961 1920 1990 Merca-

1178 2006 1228 2034 tori
1244 2005 1417 2034 tribuendam
1433 2009 1552 2034 censent.
1570 2006 1681 2034 Baronii
1695 2006 1796 2046 iudicio
1811 2007 1922 2043 indigna

1177 2051 1288 2079 Silverio
1303 2055 1354 2086 est,
1371 2055 1398 2079 et
1412 2052 1450 2079 ita
1464 2051 1629 2088 imposturae
1645 2052 1706 2079 labe
1721 2052 1831 2085 infecta,
1843 2055 1872 2079 ut
1887 2051 1921 2079 ab

1177 2096 1236 2132 ipsa
1254 2096 1350 2124 histor.
1367 2096 1481 2124 veritate
1496 2096 1590 2132 procul
1606 2096 1789 2124 abhorreat).
1811 2097 1831 2124 E
1845 2096 1920 2124 Cont-

1178 2141 1271 2168 Const.
1287 2149 1352 2168 mss.
1364 2156 1397 2161 —
1410 2140 1495 2169 Labb.
1512 2140 1582 2168 titul.
1599 2141 1722 2177 praefigit
1736 2141 1789 2177 Ep.
1802 2141 1923 2169 Silverii

1177 2185 1239 2212 PP.
1256 2186 1373 2213 nomine
1387 2185 1510 2220 conficta
1525 2185 1564 2213 ad
1577 2186 1759 2213 Amatorem.

1213 2230 1247 2258 13
1271 2230 1356 2258 Huius
1384 2230 1517 2258 Amatoris
1546 2230 1672 2266 Episcopi
1697 2231 1794 2267 (q‘uem
1819 2231 1920 2258 Baron.

1178 2278 1254 2312 putat
1266 2275 1350 2303 fuisse
1359 2275 1631 2311 Augustodunensem
1643 2275 1718 2302 illum
1734 2275 1780 2311 qui
1795 2275 1846 2303 hoc
1857 2277 1922 2303 tem-

1177 2328 1244 2356 pore
1268 2320 1358 2348 ssoruit
1382 2321 1545 2355 sanctitate)
1566 2320 1708 2356 epistolam
1728 2320 1761 2348 ad
1780 2319 1922 2347 Silverium

1177 2365 1299 2393 referunt
1314 2367 1370 2392 tum
1380 2364 1480 2400 Caraf„
1488 2367 1544 2392 tum
1556 2364 1665 2400 Baron.,
1676 2368 1733 2393 tum
1743 2364 1840 2399 Labb.·,
1852 2371 1922 2392 eam-

1179 2417 1232 2446 que
1253 2409 1399 2445 genuinam
1421 2409 1551 2437 iudicavit
1577 2409 1674 2437 Baron.
1695 2418 1758 2437 ann.
1779 2410 1832 2438 539
1849 2417 1876 2437 n.
1894 2416 1920 2444 v,

1178 2454 1226 2482 sed
1242 2457 1381 2491 tamquam
1395 2453 1591 2490 supposititiam
1603 2458 1648 2482 aut
1658 2454 1752 2482 saltem
1769 2456 1922 2490 suspectam

1178 2499 1333 2527 habuerunt
1346 2500 1412 2535 Pag.
1429 2502 1456 2527 et
1472 2499 1559 2527 Labb.

1216 2545 1251 2572 14
1266 2544 1350 2572 Labb.
1367 2544 1400 2571 ad
1416 2552 1502 2580 marg.
1520 2553 1532 2570 α
1545 2543 1659 2580 Gregor.
1676 2550 1719 2580 ep.
1736 2549 1762 2576 L,
1778 2542 1827 2570 lib.
1839 2549 1865 2570 lv
1878 2552 1902 2571 ι.

1217 2589 1251 2617 15
1266 2589 1368 2624 Iunyit
1377 2589 1436 2617 cod.
1448 2589 1507 2616 Vat.
1518 2588 1583 2616 3791
1602 2597 1661 2616 cum
1676 2587 1761 2616 Labb.
1777 2587 1811 2616 ad
1825 2596 1920 2625 marga,

436 2629 452 2656 9
466 2629 530 2658 Cod.
551 2629 617 2659 1344
641 2632 719 2660 urbis
742 2635 895 2667 aeternae,·
918 2633 978 2662 cod.
997 2633 1066 2663 1340
1081 2642 1107 2662 n.
1125 2633 1142 2663 l.
1182 2632 1259 2662 Cont.
1277 2633 1367 2664 Const.
1385 2642 1449 2662 mss.
1467 2641 1527 2662 cum
1543 2633 1601 2663 cod.
1617 2633 1677 2661 Vat.
1693 2632 1760 2661 1346
1775 2633 1848 2662 unit.

1949 216 2000 244 Λῃ.
2015 216 2044 244 C.
2064 216 2116 246 536

1949 1344 2066 1367 Chai-itatis
2075 1346 2122 1368 lau·

1935 1371 1984 1398 des,
