2244 3183
257 223 307 249 Αη.
325 222 355 250 C.
372 222 423 250 517

284 811 361 833 Leonis
369 810 418 831 Pr..
426 811 447 830 et

263 839 286 858 Λ.
299 838 320 858 S.
337 837 446 856 nucu-tuae

264 864 429 885 adhaerendum.

304 1182 453 1203 nummulorum

269 1214 353 1230 nomina
361 1208 453 1228 intersa-

269 1242 305 1255 vra
315 1241 355 1255 ιιυιι
364 1234 454 1256 Γονίῑῑιο·

270 1263 303 1282 da.

490 212 554 246 394

459 271 543 304 cium
554 268 944 314 Constantinopolitanum
955 269 1119 313 quondam
1135 268 1201 313 epi-

462 334 594 367 scopum
620 324 659 356 ab
688 322 871 366 Apostolica
891 322 972 356 Sede
997 322 1198 361 damnatum,

458 387 570 410 eorum
598 376 788 419 complicem
815 381 845 408 et
867 385 1050 419 sequacem,
1079 376 1125 408 vel
1146 375 1201 419 qui

459 431 490 463 in
504 440 616 464 eorum
631 429 927 463 communioneaut
940 428 1112 462 societate⁴
1127 439 1201 473 per-

458 483 645 517 manserint.
666 483 724 522 Qut
738 483 884 523 Aeacius,
901 493 1040 526 quorum
1061 493 1094 515 se
1115 492 1203 515 eom-

459 537 603 570 munioni
618 536 754 576 miscuit,
764 536 907 580 ipsorum
918 535 1055 569 similem
1067 535 1202 569 habere²

460 591 574 623 meruit
607 590 639 622 in
667 589 873 623 damnatione
907 589 1111 622 sententiam.
1139 589 1199 622 Pe-

463 651 546 677 trum
572 643 674 677 nihilo
696 643 802 676 minus
818 642 1054 676 Antiochenum
1072 643 1204 676 damna—

461 708 532 730 mus
561 708 634 730 cum
660 695 853 740 sequacibus
879 696 964 736 suis,
996 701 1026 729 et
1053 695 1205 729 omnibus

461 750 718 796 suprascriptis³.
739 749 939 793 Suseipimus
960 755 1067 783 autem
1086 755 1203 793 etpro-

461 805 576 838 bamus
597 804 748 847 epistolas
773 803 858 836 beati
878 803 992 837 Leonis
1013 804 1118 847 Papae
1134 803 1205 836 uni-

463 867 580 894 versas.
605 868 685 900 quas
705 857 745 890 de
761 856 917 897 religione
938 857 1114 890 christiana
1130 867 1204 890 con-

463 910 605 954 scripsit,
627 910 711 944 sicut
729 909 966 953 praediximus,
986 915 1157 953 sequentes
1174 909 1205 942 in

464 964 615 998 omnibus
634 964 851 1008 Apostolieam
869 964 997 1004 Sedem,
1021 969 1048 997 et
1072 963 1204 1007 praedi-

465 1023 573 1052 cantes
610 1017 678 1050 eius
715 1017 824 1050 omnia
862 1017 1045 1050 constituta.
1084 1017 1120 1049 Et
1151 1027 1209 1061 per

466 1071 575 1104 omnia
600 1081 695 1114 spero
719 1071 747 1111 ⁴,
782 1076 816 1104 ut
845 1070 876 1103 in
897 1080 961 1103 una
981 1070 1208 1104 communione

467 1124 644 1164 vobiscum,
661 1134 757 1167 quam
771 1124 869 1157 Sedes
888 1123 1070 1167 Apostolica
1083 1123 1209 1167 praedi-

469 1183 529 1218 cat,
558 1187 626 1210 esse
653 1186 790 1216 merear,
805 1176 845 1208 *ln
860 1186 922 1219 qua
937 1181 983 1209 est
996 1181 1027 1208 et
1044 1175 1168 1217 integra
1181 1181 1208 1208 et

469 1241 543 1263 vera
567 1231 577 1245 ⁵
602 1230 798 1262 Christianae
824 1229 990 1271 religionis
1008 1236 1038 1262 et
1069 1230 1210 1272 perfecta

469 1284 628 1323 soliditas;
644 1283 835 1326 promittens
856 1283 887 1314 in
905 1282 1052 1326 sequenti
1066 1288 1210 1326 tempore

469 1341 686 1380 sequestratos
697 1347 714 1369 a
731 1336 960 1370 communione
981 1335 1139 1369 Ecclesiae
1153 1345 1208 1368 ca-

470 1390 627 1430 tholicae,
652 1390 682 1423 id
709 1396 767 1431 est,
794 1400 860 1423 non
881 1389 1117 1423 eonsentientes
1137 1388 1210 1423 Sedi

470 1443 688 1486 Apostolicae,
718 1453 830 1476 eorum
858 1442 990 1476 nomina
1014 1442 1098 1476 inter
1121 1451 1212 1476 sacra

470 1506 535 1529 non
560 1496 724 1530 recitanda
753 1507 821 1530 esse
853 1496 1003 1540 mysteria
1021 1496 1042 1529 ⁰.
1070 1495 1162 1534 Quod
1186 1495 1210 1528 si

470 1550 502 1582 in
517 1550 626 1593 aliquo
647 1560 664 1582 a
684 1559 756 1582 mea
772 1549 971 1593 professione
988 1549 1115 1582 deviare
1137 1554 1209 1582 ten-

472 1609 596 1644 taver03
626 1603 690 1642 his,
718 1613 798 1647 quos
824 1602 992 1643 damnavi,
1021 1602 1211 1646 complicem

473 1656 545 1690 me⁷
570 1667 641 1689 mea
661 1656 819 1689 sententia
841 1666 908 1689 esse
936 1655 1102 1699 profiteor.
1125 1655 1213 1688 Hanc

472 1716 579 1743 autem
594 1709 826 1753 professionem
845 1719 949 1742 meam
965 1719 1024 1750 ego
1036 1719 1133 1741 manu
1144 1718 1215 1741 mea

471 1762 657 1806 subscripsi,
681 1767 711 1795 et
736 1761 1026 1794 tit›i⁸1101·misdae
1043 1766 1153 1794 saneto
1178 1771 1215 1793 ac

473 1815 647 1848 venerabili
674 1815 779 1858 Papae
804 1815 893 1848 urbis
916 1815 1038 1848 Romae
1055 1814 1188 1847 direxi⁹.

514 2085 521 2110 1
543 2084 584 2111 Al.
608 2083 819 2111 communionis
838 2083 980 2110 societate.
998 2082 1034 2109 Ad
1052 2091 1108 2110 rem
1129 2082 1217 2118 aptius
1234 2092 1235 2098 ι

478 2129 584 2156 videtur
598 2137 624 2156 n.
642 2129 732 2156 lectio.

512 2174 529 2200 2
548 2174 624 2201 Cont.
645 2174 734 2200 Const.
753 2173 828 2200 addit
847 2174 922 2201 iure.

513 2218 529 2243 :3
546 2217 583 2245 ld.
606 2229 618 2243 «
635 2218 745 2244 Rectius
760 2217 819 2244 cod.
836 2218 912 2244 Colb.
929 2214 997 2244 cum'
1014 2217 1073 2244 suis
1087 2218 1216 2252 sequaci-

481 2262 541 2293 bus,
557 2265 584 2289 e!
599 2263 728 2289 omnium
745 2262 1012 2296 suprascriptorum
1023 2273 1049 2288 r».

516 2307 531 2332 Ιι
549 2318 559 2331 ιι
582 2307 618 2334 Et
633 2307 696 2333 ‘ideo
711 2315 792 2341 spero
810 2317 833 2332 n.
851 2306 928 2333 Cont.
944 2306 1034 2334 Const.

515 2351 531 2376 Γ)
553 2362 563 2375 ιι
586 2351 681 2378 Veram
696 2362 722 2377 ».
744 2351 925 2378 Cont.(1011st.

515 2396 532 2420 n
549 2395 690 2428 l’eriodus,
716 2403 786 2430 quae
817 2395 950 2431 sequitur,
975 2403 1059 2431 usque
1082 2394 1114 2421 ad
1139 2394 1218 2422 verba

482 2440 561 2466 Hanc
576 2442 671 2467 aulem
686 2439 855 2466 desideratur
870 2439 939 2475 apud
955 2440 1042 2474 ipsum
1062 2439 1146 2466 Labb.
1166 2439 1216 2466 cot.
1234 2454 1237 2486 5

481 2484 543 2516 582,
560 2483 606 2510 ubi
621 2484 690 2511 hunc
707 2484 794 2519 ipsum
814 2484 910 2517 libell.,
922 2484 991 2511 sicut
1006 2483 1170 2510 advertimus
1186 2483 1218 2510 ad

482 2532 538 2556 not.
555 2529 571 2555 :3
582 2537 643 2564 pag.
657 2529 718 2560 388,
736 2528 787 2555 eol.
805 2530 840 2562 1.‚
857 2528 955 2555 iterum
971 2528 1047 2555 ass'ert
1062 2528 1088 2554 in
1105 2527 1219 2555 caeteris

483 2572 658 2607 persimilem.

519 2617 533 2642 7
553 2617 594 2644 ΛΙ.
612 2618 711 2644 rectius
725 2617 786 2644 add.
803 2618 864 2644 hac.

981 221 1135 246 Al‘PENDlX
1160 220 1312 246 BULLARH
1332 221 1453 247 nomam

1452 268 1637 303 EPISTOLA
1663 269 1713 302 XV
1725 268 1758 302 ¹⁰.

1238 366 1288 400 Ad
1308 366 1522 399 Anastasium
1534 365 1674 399 alteram
1695 365 1888 408 leyalionem
1903 366 1978 399 mit-

1281 428 1347 457 tens
1375 434 1441 457 sese
1464 424 1728 467 importunitatis
1749 427 1829 456 nota
1847 423 1975 463 liberal,

1280 492 1417 526 eumque
1433 481 1710 515 vehementissime
1731 481 1916 521 obtestatur,
1942 484 1979 513 ut

1282 540 1414 573 tandem
1434 541 1604 573 haeresum
1616 539 1827 573 sectatoribus
1839 539 1976 578 reiectis,

1281 599 1359 632 data
1382 599 1478 632 verba
1508 598 1622 640 solvat,
1650 603 1678 631 et
1702 599 1872 631 ‘um'versae
1891 596 1976 631 Eccl.

1279 667 1391 700 pacem
1410 657 1572 690 restituat.

1238 736 1394 765 normisda
1418 736 1579 764 Anastasio
1601 737 1734 771 Augusto
1750 743 1802 771 per
1817 735 1982 764 Ennodium

1397 788 1429 813 et
1443 785 1636 820 Peregrinum
1652 784 1817 819 episcopos.

1283 857 1409 890 Dudum
1435 856 1546 899 tegatis
1570 855 1828 890 mansuetudinis
1858 860 1982 890 vestrae

1241 910 1472 951 remeantibus,
1482 910 1522 943 ad
1533 909 1654 943 litteras
1663 914 1784 942 vestras
1792 915 1824 943 et
1832 909 1983 943 mandata

1242 963 1406 1008 respondi,
1430 973 1495 997 non
1515 963 1645 1007 quidem
1666 962 1816 996 universa
1836 962 1932 1007 plene
1949 960 1982 1004 ¹¹,

1242 1018 1324 1051 sicut
1333 1017 1520 1059 magnitudo
1531 1017 1578 1049 rei
1589 1016 1783 1060 postulabat,
1798 1015 1981 1060 expediens,

1243 1077 1273 1104 et
1303 1076 1409 1104 tamen
1441 1080 1500 1113 pro
1532 1075 1677 1113 tempore
1707 1074 1794 1103 certa
1824 1068 1988 1115 perstrin3

1243 1135 1332 1165 gens.
1353 1124 1471 1158 Verum
1485 1124 1544 1157 etsi
1561 1123 1758 1157 sufficienter
1779 1132 1829 1155 me
1847 1122 1987 1165 allegare

1244 1178 1354 1211 omnia
1374 1177 1578 1219 contigisset3
1601 1175 1762 1219 numquid
1782 1185 1880 1217 agens
1899 1175 1987 1219 apud

1245 1229 1448 1263 clementiam
1474 1234 1613 1263 vestram
1640 1238 1767 1262 causam
1786 1227 1873 1268 fidei,
1893 1235 1986 1271 pote-

1245 1294 1313 1316 ram
1335 1283 1480 1327 repetitis
1499 1282 1650 1326 precibus
1672 1281 1924 1325 importunitatis
1937 1281 1986 1314 in-

1246 1336 1346 1370 cessi?
1365 1335 1512 1369 Timeant
1532 1341 1641 1368 notam
1663 1334 1759 1368 huius
1783 1334 1987 1377 ingratitudi-

1245 1390 1312 1431 nis,
1341 1390 1459 1433 quibus
1491 1400 1569 1423 cura
1600 1394 1647 1422 est
1680 1388 1823 1422 studium
1850 1387 1988 1430 negotiis

1245 1442 1582 1478 navarefflmundanis.
1597 1442 1682 1485 Opus
1695 1452 1760 1475 non
1769 1441 1883 1485 implet
1894 1451 1988 1475 evan-

1246 1498 1351 1539 gelici,
1379 1497 1434 1542 qui
1452 1508 1469 1530 a
1485 1496 1726 1541 praedicatione
1737 1495 1804 1529 eius
1820 1495 1988 1529 venialiter

1246 1557 1338 1595 putat
1353 1561 1446 1596 posse
1461 1550 1588 1584 cessari.
1612 1549 1802 1591 Pervigilem
1823 1554 1988 1592 pastorum

1247 1610 1375 1649 oportet
1395 1614 1462 1638 esse
1487 1603 1679 1642 custodiam,
1710 1607 1741 1636 et
1769 1602 1896 1635 lumbos
1921 1601 1990 1635 sine

1247 1657 1444 1691 relaxatione
1469 1655 1678 1700 praecinctos.
1708 1655 1814 1688 Bonae
1834 1653 1985 1688 admoni-

1250 1711 1346 1744 tionis
1371 1711 1590 1743 sieuteonstat
1615 1709 1742 1743 dulcem
1768 1708 1920 1748 fructum,
1946 1707 1991 1741 ita

1249 1765 1317 1798 eius
1342 1774 1407 1797 non
1432 1764 1523 1797 dccet
1548 1773 1615 1796 esse
1647 1761 1873 1795 fastidium&
1897 1761 1987 1801 alias,

1250 1829 1307 1851 cur
1335 1816 1561 1861 postulationis
1586 1825 1676 1849 meae
1701 1815 1867 1848 molestam
1893 1823 1987 1847 man--

1248 1870 1414 1904 suetudini
1446 1875 1567 1902 vestrae
1598 1868 1768 1912 quisquam
1806 1867 1891 1900 dicat
1922 1876 1991 1900 esse

1250 1923 1478 1967 frequentiam,
1506 1932 1579 1955 eum
1605 1932 1662 1965 per
1681 1931 1729 1961 ea,
1754 1931 1836 1964 quae
1854 1919 1937 1953 fiunt
1953 1929 1991 1952 ex

1251 1976 1356 2010 officio
1369 1985 1453 2016 meo,
1469 1985 1528 2019 per
1541 1974 1684 2008 remedia
1698 1974 1774 2007 lidei
1794 1979 1900 2007 vestro
1913 1983 1990 2007 con-

1286 2084 1301 2110 8
1318 2083 1380 2110 Citt.
1405 2082 1485 2110 codd.
1510 2081 1595 2109 omitt.
1614 2081 1677 2117 tibi,
1694 2080 1765 2116 quod
1781 2088 1796 2107 a
1807 2080 1882 2107 Cont.
1898 2079 1989 2108 Const.

1251 2128 1411 2156 restituitur.

1286 2174 1302 2199 9
1318 2172 1374 2199 Dat.
1391 2172 1464 2199 iuxta
1489 2171 1585 2199 Barou.
1612 2177 1638 2197 ιιι
1667 2170 1733 2198 Νοη.
1751 2169 1859 2206 Aprilis,
1877 2169 1992 2206 Agapito

1254 2217 1280 2243 V.
1290 2217 1316 2243 C.
1327 2216 1454 2249 Consule,
1463 2223 1560 2251 nempe
1568 2215 1610 2242 die
1620 2215 1635 2241 3
1645 2214 1742 2250 Aprilis
1750 2215 1778 2241 51
1786 2216 1811 2242 7.
1820 2213 1991 2241 Haeceadem

1252 2265 1307 2288 not.
1323 2260 1514 2296 chronologica
1529 2259 1627 2294 legitur
1651 2258 1731 2285 etiam
1751 2259 1778 2285 in
1794 2266 1840 2284 nn.
1861 2257 1941 2284 codd.
1958 2257 1991 2284 ad

1252 2305 1352 2333 calcem
1382 2304 1461 2331 liuius
1475 2303 1574 2334 libelli,
1589 2303 1635 2339 qui
1651 2303 1685 2330 ab
1701 2302 1751 2329 bac
1766 2310 1810 2338 ep.
1827 2301 1929 2328 divisus
1944 2301 1991 2328 de-

1253 2357 1304 2376 uuo
1329 2349 1445 2376 refertur
1468 2351 1528 2383 post
1548 2346 1792 2379 commonitorium,
1817 2345 1874 2372 sive
1888 2345 1992 2372 indicu-

1252 2393 1305 2420 lum
1324 2391 1456 2426 Ennodio,
1473 2390 1743 2425 coetaerisvelegatis
1755 2389 1893 2423 traditum,
1909 2397 1990 2424 quem

1253 2446 1301 2464 nos
1320 2445 1401 2472 supra
1417 2436 1558 2464 referimus
1573 2444 1632 2471 pag.
1651 2435 1713 2468 374,
1730 2435 1782 2462 cot.
1804 2436 1827 2461 1.

1288 2483 1321 2509 to
1336 2481 1372 2508 Ex
1388 2481 1472 2508 Labh.
1486 2481 1592 2507 Com-il.
1604 2480 1718 2507 collect.
1736 2483 1800 2506 tom.
1819 2487 1843 2512 v,
1859 2477 1910 2505 col.
1927 2477 1989 2505 586.

1289 2527 1316 2552 11
1336 2526 1481 2561 Perperam
1497 2525 1593 2552 Baron.
1612 2525 1708 2559 plane.

1290 2571 1320 2597 12
1341 2570 1378 2596 ld.
1406 2577 1544 2605 perperam
1572 2568 1604 2595 ad
1627 2568 1709 2595 locut.
1723 2567 1851 2595 studium
1869 2566 1992 2602 neyotiis

1254 2624 1319 2642 vaca
1325 2623 1353 2642 re
1367 2614 1493 2641 mundun
1500 2614 1531 2640 is.

2004 219 2059 246 An.
2100 239 2105 246 .

2023 861 2083 883 Fidei
2094 866 2180 882 eausam
2226 870 2227 873 ι

1996 888 2068 913 antemi
2082 888 2182 914 importu-
2229 889 2231 911 ¹,

1997 915 2069 936 nitatis
2077 917 2128 936 nota
2140 919 2180 935 non
2190 920 2195 924 ·
2230 926 2231 929 =

1998 940 2100 963 timenda.

2111 981 2124 993 D

2035 1391 2058 1412 Si
2076 1389 2146 1411 uidem
2163 1395 2184 1411 e·
2199 1403 2202 1407 ι

2003 1423 2069 1443 vongo
2079 1418 2121 1438 ium
2143 1422 2185 1438 nun

2002 1445 2081 1471 immet,
2086 1443 2155 1470 quial»
2163 1449 2184 1464 a·

2001 1469 2197 1496 ἱιιειιιι-«ιιεᾱίςιῐίο-4
2229 1483 2231 1497 :

2001 1503 2027 1518 ne
2040 1499 2118 1519 cessat.
