2244 3183
247 214 280 240 A.
291 213 319 240 C.
330 213 433 240 492-96

278 328 316 347 Hic
331 327 430 348 concordi

248 354 347 379 suflragio
365 354 430 374 nonii·

246 380 335 401 naudus.

247 590 300 613 Ouid
307 593 430 616 praesertim

247 617 403 637 attendendum.

480 204 543 236 :31ss

445 261 513 294 sine
533 261 641 304 aliqua
654 259 905 303 reprehensione
919 258 1132 292 consentiant.
1149 258 1186 291 Et

446 314 518 347 ideo
529 313 548 353 ¹,
564 314 677 345 fratres
689 311 858 351 carissimi,
876 311 1017 344 diversos
1031 321 1067 343 ex
1081 310 1186 343 omni-

445 368 504 400 bus
521 377 615 410 saepe
626 365 702 398 dicti
716 365 778 398 loci
793 364 955 408 parochiis
974 364 1181 408 presbiteros,

445 420 599 452 diaconos
619 424 650 451 et
666 418 849 451 universam
867 418 994 450 turbam
1016 427 1070 450 vos
1087 427 1184 460 opor-

446 478 487 505 tet
499 473 625 516 saepius
637 482 826 511 convocare,
839 477 997 515 quatenus
1010 481 1075 504 non
1089 475 1186 513 prout

446 526 577 558 cuilibet
599 525 739 565 libuerit,
762 525 817 558 sed
831 524 1104 558 concordantibus
1116 523 1185 556 ani-

447 579 506 612 mis
521 579 628 618 talem,
639 578 729 611 vobis
743 577 1004 617 admonentibus,
1017 577 1077 610 sibi
1089 586 1186 620 quae-

445 637 517 664 rant
533 632 601 665 sola
620 631 800 664 Divinitatis
811 630 987 664 attentione
998 639 1182 673 personam,

445 695 541 728 quam
559 685 646 717 nulla
666 684 879 717 contrarietas
891 694 909 716 a
923 683 1103 717 constitutis
1114 692 1187 726 pos-

444 739 484 771 sit
504 748 657 771 revocare
674 737 892 782 praescriptis.

487 792 554 825 Dat.
578 802 652 824 anu.
675 791 828 824 litia-496
841 792 861 823 ².

756 959 835 992 XXV
853 958 874 992 ³.

443 1058 620 1102 Squittacii
641 1057 751 1090 urbem
768 1067 885 1090 manus
902 1067 978 1089 suas
998 1057 1035 1089 in
1054 1056 1186 1089 antisti-

490 1116 558 1144 tum
576 1111 669 1143 caede
689 1111 809 1143 iterum
825 1110 1032 1142 scelerantem
1048 1109 1188 1152 episcopi

490 1164 724 1207 yubernatione
749 1164 878 1206 priva&
904 1167 933 1195 et
962 1162 1121 1202 decernit,
1150 1165 1187 1194 ut

488 1217 665 1250 Maior-icus
685 1220 714 1249 et
733 1216 873 1249 Ioannes
894 1215 1047 1258 episcopi,
1070 1215 1186 1247 visita-

491 1270 576 1302 tione
604 1269 677 1302 illic
697 1273 838 1309 statuta,
861 1269 976 1301 divina
1000 1267 1205 1301 ministeria.

489 1323 656 1356 celebrent.

492 1413 627 1441 Gelasius
650 1412 792 1440 Maiorico
812 1414 843 1439 et.
862 1411 967 1439 Ioanni
986 1411 1151 1446 Episcopis.

490 1485 535 1518 Ita
555 1494 614 1517 nos
628 1483 760 1528 quidem
781 1482 989 1516 Latinorum⁴
1007 1483 1121 1516 caedes
1135 1493 1188 1525 ge-

447 1538 569 1571 minata
582 1536 776 1571 Pontificum
790 1535 945 1570 horrendi
958 1535 1088 1569 sceleris
1102 1541 1188 1569 atro-

482 1681 493 1707 1
512 1680 545 1707 Ut
565 1687 659 1706 sensus
680 1679 785 1706 eluceat
799 1679 868 1706 forte
884 1678 1044 1713 legendum:
1061 1679 1101 1705 Ac
1115 1679 1188 1706 sicut

445 1725 597 1758 asseritur,
615 1725 690 1759 quod
710 1724 750 1757 is,
772 1724 855 1758 quia
876 1724 952 1750 vobis
974 1724 1037 1751 iam
1049 1724 1189 1758 probatus

446 1769 566 1803 dicitur,
579 1778 596 1796 a
604 1769 707 1804 paucis
718 1771 744 1796 et
759 1768 890 1795 tenuibus
900 1771 1025 1803 putatur
1033 1768 1188 1802 eliyendus:
1205 1781 1207 1789 ⁴

446 1814 498 1846 ita,
511 1822 575 1840 cum
586 1813 622 1840 ad
636 1814 834 1848 vospertineat
848 1813 995 1840 universos
1008 1799 1124 1840 assz'dtia
1135 1813 1188 1840 ad-

446 1859 607 1886 monitione
629 1858 820 1893 compellere,
850 1860 880 1885 ut
903 1866 1000 1884 onmes
1024 1859 1055 1885 in
1077 1866 1187 1891 unum,

446 1911 531 1936 quem
551 1903 674 1937 (tionum
689 1902 848 1930 sacerdotio
864 1902 997 1936 viderint,
1012 1903 1072 1929 sine
1088 1902 1189 1936 aliqua

448 1947 670 1980 reprehensione
685 1947 888 1979 conscntiant;
907 1946 970 1973 rideo
975 1965 1029 1972 .....

484 1991 501 2017 2
520 1990 590 2016 Pith.
608 1990 731 2025 adsignat
745 1998 808 2017 ann.
826 1999 849 2017 c.
868 1990 928 2017 493.

484 2036 501 2062 3
516 2035 553 2062 Ex
564 2035 650 2062 Mansi
667 2035 774 2063 Concit.
787 2035 898 2063 Collect.
912 2039 976 2062 tom.
994 2041 1048 2067 vm,
1060 2035 1108 2061 col·
1128 2035 1187 2062 125.

448 2080 521 2107 Grat.
537 2088 609 2107 caus.
628 2087 687 2113 xxv,
704 2088 730 2115 q.
749 2080 775 2114 ⁶2,
793 2088 816 2106 c.
833 2080 876 2106 25.
898 2080 953 2106 Ivo.
972 2082 1040 2114 part.
1057 2088 1083 2113 x,
1100 2087 1123 2105 c.
1147 2079 1187 2106 18.

447 2124 559 2152 Berard.
581 2133 624 2160 op.
648 2125 705 2156 cit.‚
730 2132 791 2160 pag.
817 2124 869 2152 350
896 2123 966 2151 hunc
990 2132 1049 2150 can.
1080 2123 1189 2151 Gelasio

449 2168 553 2195 tribuit.

484 2213 499 2238 4
519 2212 558 2239 Al.
580 2211 835 2246 Squittatinorum.
858 2211 996 2239 Berard.l.
1013 2220 1035 2238 c.
1050 2212 1189 2246 Scyllaei-

448 2264 569 2290 norum,
584 2255 630 2282 ubi
644 2255 692 2282 ait:
713 2255 801 2282 «Erat
815 2255 1012 2290 Seyllacinium,
1028 2255 1084 2282 sive
1100 2255 1188 2291 Squil-

448 2299 545 2326 lacium
571 2299 635 2325 urbs
660 2299 821 2334 episcopalis
847 2299 873 2325 iu
899 2299 1022 2326 Calabria
1049 2299 1188 2333 ulteriori,

449 2353 480 2371 ac
502 2348 646 2379 propterea
664 2344 691 2370 in
720 2344 814 2371 eadem
841 2344 996 2380 provincia,
1016 2344 1041 2371 in
1061 2353 1114 2380 qua
1133 2348 1191 2372 erat

449 2388 561 2415 loannes
582 2388 742 2414 Vibonensis
757 2388 899 2423 episcopus
911 2398 934 2415 ³).

485 2432 501 2458 5
516 2432 586 2460 Grat.
606 2432 813 2459 detestaremur
832 2433 1004 2460 antistitem.

972 214 983 234 -t
991 210 1121 234 PPENDIX
1146 210 1297 235 BULLARH
1317 210 1435 235 ROMAN!

1219 257 1313 291 citate
1333 258 1488 298 confudit,
1511 263 1545 291 ut
1562 257 1616 290 diu
1630 258 1815 292 constitutio
1828 264 1957 292 nostrae

1219 311 1459 345 deliberationis
1489 310 1678 351 haesitarem
1707 311 1783 344 dum
1812 317 1842 344 et
1867 312 1957 354 inge-

1218 376 1288 399 rere
1313 375 1510 409 quemquam
1539 363 1787 407 parricidalibus
1804 365 1957 408 exemplis

1219 418 1464 452 dubitaremus⁵
1501 417 1676 450 antistitem
1700 417 1720 449 ⁰.
1755 417 1959 461 Quapropter

1219 472 1282 505 iam
1296 473 1381 505 velut
1397 481 1492 504 usum
1513 470 1846 514 consuetudinemque
1859 471 1957 504 sacri-

1219 525 1323 567 legam
1345 524 1553 563 declinantes,
1579 530 1711 556 eatenus
1732 523 1881 565 religioni
1901 524 1959 556 du-

1221 577 1323 611 ximus
1343 577 1590 617 consulendum,
1614 582 1650 609 ut
1669 576 1840 620 paroeciae
1856 576 1959 610 vices⁷

1220 631 1259 663 ab
1287 630 1484 663 extrinsecus
1514 629 1626 673 positis
1652 629 1872 663 sacerdotibus
1895 640 1956 671 gu-

1220 685 1397 717 bernentur
1411 711 1418 724 ‚
1447 684 1523 727 quia
1544 684 1554 700 ⁸
1575 683 1696 716 ibidem
1717 688 1959 717 commanentes

1221 739 1306 771 ferro
1327 738 1511 772 didicerunt
1530 748 1647 771 necare
1666 742 1811 781 pastores
1823 737 1845 777 ⁹,
1868 736 1960 770 inau-

1221 791 1354 834 ditoque
1379 791 1521 824 facinore
1541 790 1643 834 (quod
1657 790 1753 823 etiam
1773 789 1871 823 nullis
1887 799 1962 834 pro-

1220 843 1331 877 vinciis
1344 854 1504 887 nusquam
1522 853 1656 887 prorsus
1674 842 1829 876 acciderit
1841 841 1864 859 ¹⁰
1877 852 1961 886 quae

1220 896 1380 930 bellorum
1402 896 1565 930 continuis
1583 896 1782 940 diversisque
1799 895 1961 929 incursio-

1220 950 1315 983 nibus
1332 950 1530 993 atssiguntur)
1542 950 1621 983 haec
1631 955 1759 994 reperta
1779 949 1819 982 sit
1830 948 1958 989 civitas,

1221 1014 1303 1047 quae
1323 1003 1488 1047 praesules
1513 1003 1728 1036 ministrando
1743 1000 1762 1019 ¹¹
1784 1002 1844 1035 sibi
1863 1001 1961 1035 fidem

1221 1057 1429 1090 christianam
1460 1057 1528 1089 sine
1559 1056 1784 1101 persecutione
1814 1060 1959 1099 proster-

1221 1116 1275 1143 nat
1284 1109 1316 1143 ¹².
1333 1111 1517 1144 Curandum
1532 1116 1578 1143 est
1591 1110 1700 1152 igitur,
1713 1115 1748 1142 ut
1761 1109 1825 1142 illic
1838 1110 1963 1142 funesta

1203 1187 1205 1196 l
1220 1164 1379 1208 pernicies
1389 1164 1567 1197 cassatione
1577 1162 1598 1179 ¹³
1610 1163 1819 1206 propriorum
1833 1167 1964 1195 sanetur

1220 1217 1419 1258 antistitum,
1440 1223 1537 1261 atque
1559 1216 1603 1249 ita
1619 1216 1732 1249 saltem
1751 1215 1870 1249 furoris
1883 1214 1962 1248 tanti

1221 1271 1371 1304 materies
1391 1270 1600 1304 subtrahatur
1612 1268 1643 1310 ¹⁴,
1668 1280 1771 1313 eoque
1791 1269 1889 1303 modo
1913 1269 1963 1303 vel

1222 1325 1276 1357 illa
1288 1323 1320 1365 ¹5,
1340 1325 1417 1357 dum
1439 1324 1470 1356 in
1492 1334 1574 1367 quos
1594 1323 1713 1356 saeviat
1732 1332 1797 1356 non
1817 1321 1960 1362 habebit,

1221 1378 1260 1411 ab
1283 1377 1470 1411 huiusmodi
1502 1376 1680 1410 cessatione
1699 1374 1720 1392 ¹⁵
1740 1375 1885 1416 desistat,
1913 1375 1961 1408 vel

1221 1430 1291 1464 aliis
1301 1431 1501 1464 imitantibus
1514 1429 1533 1446 ⁴⁷
1547 1430 1618 1463 dira
1630 1429 1779 1472 contagia
1789 1439 1854 1462 non
1867 1438 1962 1472 prae-

1220 1485 1305 1518 beat.
1332 1484 1432 1527 Egeat
1459 1494 1536 1527 ergo
1557 1482 1793 1528 episcopalibus
1812 1482 1962 1516 subsidiis

1221 1538 1350 1572 sibimet
1363 1537 1494 1570 aliunde
1508 1536 1668 1581 depensis,
1689 1546 1771 1585 quae
1791 1545 1915 1569 sacram
1929 1534 1962 1568 in

1257 1681 1272 1707 8
1287 1679 1326 1706 ΑΙ.
1349 1687 1432 1713 quae.

1257 1724 1273 1750 9
1293 1724 1366 1750 Grat⁴
1386 1723 1456 1749 hunc
1477 1723 1527 1749 loc.
1548 1723 1585 1748 ita
1601 1721 1724 1757 expedit:
1754 1721 1787 1748 Ut
1804 1721 1963 1755 parochiae

1224 1769 1282 1796 vice
1307 1769 1342 1794 ab
1364 1768 1540 1795 eoetrinsccus
1562 1766 1664 1801 positis
1687 1765 1882 1793 sacerdotibus
1908 1773 1962 1800 yu-

1223 1813 1366 1844 bernetur,
1383 1820 1456 1846 quae
1472 1811 1579 1838 ibidem
1599 1811 1807 1837 commanentes
1825 1810 1905 1843 ferro
1919 1808 1964 1836 di-

1223 1857 1291 1884 dicit
1302 1863 1403 1884 necare
1416 1858 1554 1890 pastores.

1259 1902 1292 1929 10
1313 1912 1323 1925 «
1340 1901 1460 1935 Leyitur
1479 1900 1615 1927 accidisse
1632 1912 1654 1926 n.
1672 1899 1743 1925 Grat.

1260 1948 1286 1972 Η
1313 1945 1527 1973 Ministranctae
1549 1944 1605 1970 sibi
1619 1943 1688 1978 fidei
1707 1942 1882 1969 christianae
1896 1942 1961 1969 Cod.

1222 1991 1282 2017 Vat.
1311 1989 1388 2017 3933.
1409 1989 1478 2015 Pitb.
1502 1988 1570 2015 sorte
1595 1987 1682 2023 aptius
1704 1988 1851 2021 praesules
1871 1987 1963 2014 mini-

1206 2045 1207 2056 *
1222 2037 1343 2062 strantes
1362 2033 1418 2061 sibi
1431 2033 1518 2068 fidem
1538 2032 1742 2060 christianam.

1260 2079 1292 2105 1⁶.)
1308 2079 1383 2106 Grat.
1397 2079 1469 2105 hunc
1481 2078 1567 2104 locum
1577 2077 1614 2103 ita
1628 2076 1712 2112 probe
1721 2075 1801 2111 legit:
1823 2076 1856 2103 Ut
1866 2076 1964 2111 aliqua.

1222 2124 1260 2151 sit
1270 2126 1386 2157 reperta
1397 2123 1509 2154 civitas,
1526 2130 1599 2156 quae
1606 2121 1753 2155 praesules
1763 2120 1964 2147 ministrantes

1206 2167 1279 2197 sibi
1297 2167 1365 2201 fidei
1389 2167 1567 2193 christianae
1586 2167 1765 2193 sacramenta
1788 2164 1850 2191 sine
1866 2171 1965 2198 perse-

1224 2215 1321 2239 cutore
1332 2213 1535 2246 prosterneret.

1260 2256 1292 2282 13
1307 2256 1379 2282 Grat.
1397 2258 1423 2281 et
1439 2254 1482 2281 lvo
1499 2262 1558 2281 cum
1574 2253 1619 2280 cit.
1637 2253 1697 2281 cod.
1713 2253 1878 2280 cessatione.

1262 2301 1291 2327 lli
1308 2300 1384 2326 Grat.
1401 2299 1479 2326 add:
1498 2299 1531 2325 St
1551 2299 1581 2324 in
1596 2306 1652 2333 qua
1669 2298 1736 2325 haec
1747 2297 1838 2332 possit
1853 2296 1964 2324 acerbi-

1224 2346 1267 2371 tas
1286 2343 1454 2379 perpetrari
1473 2343 1627 2370 consistens
1649 2342 1755 2369 ibidem
1770 2348 1892 2376 persona
1919 2340 1964 2367 cle-

1223 2389 1325 2423 suerit.

1207 2456 1208 2459 ,
1260 2433 1293 2460 15
1301 2432 1339 2459 Al.
1356 2431 1417 2459 add.
1434 2431 1547 2459 civitas.
1565 2431 1615 2458 Cit.
1633 2430 1692 2458 cod.
1708 2430 1761 2457 itta
1777 2429 1877 2457 civitas
1893 2429 1963 2456 dum

485 2477 502 2502 0·
518 2476 589 2502 Grat.
607 2475 689 2502 addit:
713 2477 748 2503 Et
768 2477 924 2504 Ecclesiam
941 2480 1092 2512 utcumque
1107 2477 1190 2505 desti·
1206 2469 1209 2496 i
1223 2478 1254 2505 in
1272 2486 1340 2512 quos
1357 2477 1477 2503 saeviat.

451 2523 544 2548 tutam
559 2528 617 2546 non
630 2528 717 2555 usque
728 2520 797 2548 adeo
812 2521 1010 2548 indicaremus
1025 2522 1189 2556 relinquen-

450 2564 528 2591 dam.

487 2609 500 2636 7
521 2609 561 2636 ΑΙ.
583 2617 724 2645 perperam
742 2610 899 2645 parochiae
916 2613 1030 2637 vestrae.

1260 2523 1291 2549 16
1312 2533 1324 2546 «
1338 2522 1540 2550 Temeritate».
1557 2520 1630 2548 Grat.
1649 2525 1676 2547 et
1689 2520 1746 2547 Ivo.

1260 2567 1290 2593 17
1305 2576 1315 2592 α
1329 2566 1473 2594 Imitandi
1488 2576 1499 2590 n
1514 2565 1564 2592 Cit.
1577 2564 1636 2591 eod.
1650 2564 1720 2591 Grat.
1734 2568 1806 2591 recte
1822 2563 1963 2592 imitandi

1222 2610 1353 2645 contayiu
1379 2610 1447 2638 dira
1463 2609 1626 2643 exemplum
1642 2615 1698 2636 non
1718 2608 1865 2643 praebeat.

1969 209 1999 237 Α,
2011 210 2039 237 C.
2053 209 2154 238 492-96

2041 270 2072 292 De
2087 270 2154 292 caede

1971 297 2094 327 Pontificum
2106 297 2154 319 hor-

1971 326 2041 344 TUSCU-

2062 640 2159 667 squina-

1974 668 2029 688 cium
2051 666 2158 693 episcopis

1974 700 2015 715 non
2023 694 2112 720 amplius
2122 693 2157 714 du-

1974 721 2097 742 coi-andum.

2212 734 2227 794 :cu-m
2214 687 2225 722 ‘r
2208 482 2235 675 *effatae-490⁵
2212 383 2225 474 «κη’-ι
2211 333 2226 365 rr.
2215 291 2227 321 v.
2208 254 2212 255 ¹
2214 204 2215 207 Α

2209 940 2224 968 ‘⁶
2210 861 2236 931 *tex*
2211 803 2230 848 -Μ

2208 1392 2215 1398 ·”
2203 1022 2235 1364 ansam-«ww
2214 954 2235 1016 es.

2228 1765 2235 1802 μᾼ

2216 1895 2226 1911 ⁴
2214 1868 2226 1883 τ·
2209 1533 2235 1855 *we-fw-*ss-*w‘zzs
2207 1432 2235 1525 τνθέὶ

2212 2010 2217 2019 ⁴
2208 1924 2228 1986 x;;.
