2244 3209
1143 231 1187 238 ..
1216 221 1250 247 ῃ
1277 231 1325 237 .-

450 286 688 334 lustrandis,
719 282 1008 335 diplomatibus
1038 279 1225 321 nondum
1256 278 1375 320 editis
1405 275 1661 327 colligendis,
1693 275 1893 327 editisque
1927 288 2020 317 cum

448 358 531 398 suis
553 355 815 407 originalibus
837 350 1109 400 conserendis,
1131 349 1408 401 omnibusque
1429 346 1712 396 discutiendis,
1733 346 2020 395 diiudicandis,

448 425 696 468 illustrandis
726 437 843 465 curas
873 421 1075 469 assiduas,
1107 420 1305 462 acerrima
1326 419 1500 471 ingenia,
1521 417 1744 459 maximam
1765 417 1806 458 in
1829 431 1871 458 re
1893 415 2021 468 diplo-

449 498 590 538 matica
629 495 831 546 peritiam,
869 492 1085 543 omnigena
1120 505 1225 543 quac
1259 492 1299 532 in
1338 490 1449 532 Urbe
1486 490 1581 532 huic
1616 488 1847 530 studiorum
1885 487 2022 540 generi

448 573 604 618 praesto
627 571 721 607 sunt
747 564 983 605 adiumenta
1013 576 1083 613 per
1113 568 1202 604 octo
1233 562 1314 604 sere
1343 575 1474 603 annos
1504 559 1647 603 sedulo
1678 565 1715 601 et
1744 559 2023 601 indesinenter

447 637 754 688 impenderunt,
789 641 822 676 et
868 633 1122 675 uberrimum
1161 633 1300 684 utique
1331 632 1507 674 fructum
1540 638 1597 674 tot
1627 631 1836 676 laborum,
1871 630 2021 672 studio-

446 722 620 758 rumque
650 706 885 748 retulerunt.

498 778 557 819 Re
587 778 694 820 euim
727 781 836 825 vora,
868 782 910 817 ut
939 776 989 817 de
1019 776 1096 817 hoc
1136 775 1268 827 primo
1305 782 1464 817 tantum
1498 774 1708 817 volumine
1741 773 1867 815 verba
1906 773 2021 815 facia-

447 863 557 898 mus,
596 848 705 900 ‹cluod
743 848 823 889 iam
862 860 958 898 prae
995 847 1188 889 manibus
1225 853 1387 899 gestans
1424 845 1683 895 iucundaris,
1721 845 1822 887 dum
1863 844 2023 896 primus

448 927 580 961 tomus
609 919 747 970 Magni
775 917 948 960 Bullarii
978 932 1050 970 per
1070 924 1309 960 sexcentum
1329 931 1461 960 annos
1482 924 1520 960 et
1546 931 1671 969 supra
1700 915 1841 959 leviter
1870 916 2022 958 discur-

446 1005 537 1032 rens
558 1004 580 1031 a
602 990 739 1032 Leone
759 989 910 1041 Magno
933 988 1021 1041 (an.
1044 988 1221 1041 CCCCXL)
1243 990 1295 1031 ad
1316 989 1537 1032 Nicolaum
1558 988 1598 1030 ΙΙ
1618 988 1707 1040 (an.
1729 987 1860 1039 MLxl)
1890 1002 2025 1040 usque

445 1060 717 1103 descendebat
745 1066 783 1102 et
810 1059 936 1102 veluti
971 1060 1148 1110 fluebat,
1184 1060 1320 1107 istud,
1356 1060 1523 1102 maioris
1560 1060 1703 1112 utique
1739 1059 1860 1101 molis
1897 1072 2024 1111 quam

443 1131 521 1181 ille,
551 1144 647 1183 prae
676 1136 1044 1173 monumentorum
1074 1130 1192 1183 copia
1219 1131 1286 1173 vix
1305 1131 1357 1173 ad
1387 1130 1606 1183 Pelagium
1637 1130 1677 1172 II
1710 1130 1791 1182 (an.
1821 1129 1920 1181 Dxc)
1950 1143 2024 1182 per

444 1217 574 1245 unum
604 1202 814 1245 saeculum
843 1208 882 1244 et
910 1201 1129 1244 dimidium
1150 1202 1434 1254 perducimus,
1466 1196 1627 1244 scilicet'
1648 1201 1700 1243 ad
1729 1201 1855 1243 limen
1884 1200 2024 1243 Ponti-

444 1273 586 1316 ficatus
615 1273 799 1326 Gregorii
820 1273 1135 1325 [cognomento
1155 1273 1310 1325 Magni,
1331 1273 1450 1315 cuius
1469 1287 1564 1314 vere
1585 1272 1737 1324 Magni,
1767 1272 1868 1323 quin
1895 1272 2025 1314 immo

444 1344 610 1386 Maximi
639 1343 852 1386 Pontificis
880 1344 1002 1389 Acta,
1033 1358 1139 1395 quae
1173 1344 1256 1385 iam
1292 1349 1337 1385 ut
1373 1343 1550 1385 edantur
1586 1349 1748 1394 praesto
1784 1347 1898 1388 sunt,
1932 1341 2027 1384 alte·
2091 1391 2095 1396 ,

444 1429 535 1457 rum
569 1415 819 1467 Appendicis
852 1414 1046 1457 volumen
1083 1420 1215 1456 totum
1257 1414 1335 1456 sibi
1374 1413 1660 1455 vindicabunt.
1704 1412 1851 1465 Itaque
1889 1412 1940 1454 de
1977 1425 2026 1455 eo

444 1485 637 1538 temporis
665 1486 821 1537 spatio,
859 1486 910 1528 de
939 1499 1021 1538 quo
1053 1485 1256 1528 Recensio
1293 1483 1592 1536 Coqueliniana
1626 1484 1692 1526 vix
1727 1483 2027 1536 quinquaginta

445 1556 628 1608 quinque
657 1556 847 1608 epistolas
875 1556 967 1598 RR.
998 1556 1083 1598 PP.
1114 1557 1187 1598 tibi
1216 1556 1452 1606 exhibebat,
1490 1556 1580 1598 heic
1610 1555 1748 1598 denuo
1778 1554 1939 1597 additas
1969 1567 2027 1596 re·

445 1626 576 1678 peries
605 1627 687 1669 fere
715 1633 956 1677 tercentum,
986 1634 1024 1682 et
1049 1627 1218 1679 insuper
1252 1626 1519 1679 epistolarum
1542 1625 1606 1669 vel
1635 1626 1896 1669 decretorum
1925 1625 2028 1677 frag-

445 1703 582 1739 menta
611 1697 767 1739 circiter
796 1704 961 1740 centum
991 1697 1302 1750 quinquaginta,

499 1766 618 1815 Quod
648 1774 784 1810 autem
815 1768 943 1820 pluris
960 1768 1077 1815 valet,
1099 1769 1251 1812 isthaec
1272 1769 1412 1812 omnia
1440 1782 1547 1820 quae
1576 1768 1724 1810 damus
1754 1767 2028 1809 Monumenta

447 1838 641 1881 indubiae
669 1853 838 1890 prorsus
866 1840 1128 1892 genuinitatis
1149 1847 1246 1883 sunt
1267 1840 1426 1893 (paucis
1452 1839 1629 1891 exceptis
1650 1853 1757 1891 quae
1785 1838 1910 1881 dubia
1941 1837 2028 1890 qui-

448 1909 540 1952 dem
577 1916 647 1962 aut
682 1917 889 1962 suspecta,
919 1912 990 1954 sed
1020 1912 1144 1964 digna
1173 1912 1447 1954 nihilominus
1475 1911 1563 1954 visa
1593 1917 1708 1960 sunt,
1738 1923 1845 1962 quae
1873 1923 1898 1951 a
1932 1908 2030 1951 viris

449 1980 576 2023 doctis
597 1982 971 2034 cognoscerentur),
992 1983 1044 2025 ad
1066 1997 1235 2026 auream
1256 1983 1467 2026 Ecclesiae
1488 1982 1723 2025 Catholicae
1743 1980 2030 2033 antiquitatem

449 2051 702 2102 pertinentia,
731 2059 769 2094 et
797 2067 936 2095 rerum
966 2054 1161 2106 gravitate
1182 2068 1230 2097 ac
1250 2054 1520 2097 scribentium
1551 2053 1793 2096 auctoritate
1822 2057 2030 2104 praestan-

450 2121 614 2164 tissima.
647 2122 699 2164 Et
733 2124 913 2175 profecto
947 2125 1039 2176 quis
1073 2125 1163 2168 heic
1193 2125 1407 2178 perlegens
1436 2124 1660 2176 plusquam
1691 2130 1858 2166 centum
1886 2121 2030 2174 viginti
2094 2133 2098 2136 ·

450 2191 598 2235 Leonis
619 2193 671 2235 M.
691 2194 950 2246 gravissimas
980 2196 1184 2248 epistolas,
1205 2210 1312 2249 quae
1331 2197 1373 2238 in
1397 2196 1516 2254 prius
1533 2196 1640 2238 edito
1666 2195 1818 2248 Magno
1844 2192 2030 2236 Bullario

451 2262 806 2315 desiderabantur,
844 2266 1094 2310 Hormisdae
1132 2268 1391 2320 septuaginta
1425 2281 1595 2316 novem,
1634 2266 1834 2319 Simplicii
1868 2264 2032 2317 viginti,

453 2332 597 2375 Felicis
633 2334 693 2376 III
730 2337 1058 2388 quatuordecim,
1095 2338 1247 2381 Golasii
1288 2338 1533 2388 duodecim,
1568 2337 1706 2390 Vigilii
1741 2337 1893 2390 pariter
1934 2349 2031 2387 qua-

454 2404 679 2446 tuordecim
716 2413 754 2448 et
789 2407 947 2450 celebre
982 2408 1280 2459 Constitutum,
1316 2409 1473 2461 Pelagii
1503 2409 1521 2451 I
1552 2409 1776 2454 sexdecim,
1806 2406 1963 2458 Pelagii
1992 2405 2034 2449 11

456 2474 660 2521 undecim,
691 2483 734 2518 ut
764 2477 814 2519 de
843 2479 1072 2523 minoribus
1101 2486 1277 2531 taceam,
1308 2487 1346 2522 et
1375 2494 1528 2532 paucas
1557 2480 1726 2532 quidem
1756 2478 1826 2521 sed
1851 2477 2033 2530 potentis-

455 2544 575 2586 simas
604 2545 773 2597 Agapeti
804 2548 934 2592 literas
963 2551 1014 2592 ad
1038 2551 1314 2594 Iustinianum
1337 2551 1634 2604 Imperatorem
1656 2558 1694 2594 et
1723 2549 1774 2592 ad
1805 2548 2035 2591 Orientales

457 2613 682 2666 Episcopos
719 2617 849 2665 datas,
889 2621 1039 2671 quibus
1068 2622 1293 2674 Apostolici
1325 2621 1591 2674 principatus
1625 2620 1846 2664 auctoritas
1880 2626 1918 2662 et
1954 2633 2035 2660 ma-

460 2685 577 2726 iestas
610 2693 688 2727 tota
720 2702 759 2729 sc
791 2690 938 2739 prodit,
970 2705 1051 2734 uon
1084 2694 1300 2737 mirabitur
1330 2700 1451 2745 atque
1483 2692 1727 2736 laetabitur?
