2244 3183
58 258 110 284 An.
127 255 156 283 C.
175 255 226 282 484

90 903 147 923 llaec
163 903 238 929 Muggo

98 935 161 977 quam
178 936 239 956 prac-

98 965 101 974 ι
112 964 130 976 ,Ἶ-

888 258 912 280 S.
938 257 1029 281 FELIX
1052 257 1087 282 tlt
1107 259 1155 282 Pr.

255 304 387 349 privavit
401 304 419 337 ¹.
444 304 505 338 Sed
527 315 598 338 cum
621 305 707 349 apud
729 304 883 337 barbaras
901 305 997 337 etiam

255 358 411 396 nationes,
435 364 530 402 atque
545 358 644 402 ipsius
657 357 925 400 Deitatisignaras
940 369 998 402 pro

255 411 451 455 exequendis
472 411 609 454 negotiis
623 412 671 444 vel
683 411 833 444 humanis
844 411 912 444 inre
922 422 999 453 gen-

255 465 333 498 tium
348 465 517 506 legationis
534 465 703 498 cuiuslibet
717 464 874 497 habeatur
891 474 999 497 sacro—

253 525 363 552 sancta
376 520 519 554 libertas:
530 525 642 552 notum
655 525 698 553 est
711 519 862 552 omnibus
876 524 997 562 quanto

254 572 355 614 magis
380 573 418 605 ab
449 572 643 616 imperatore
668 573 826 609 Romano,
856 578 887 605 et
907 571 994 604 chri-

253 625 357 658 stiano
378 625 524 669 principe
545 626 576 658 in
596 626 693 659 rebus
706 625 896 670 praesertim
918 625 997 657 divi-

254 678 303 712 nis
327 680 507 723 oportuerit
536 679 759 713 intemeratam
781 679 911 713 servari.
940 679 998 712 De-

256 732 329 765 inde
350 733 510 775 legatione
536 733 696 774 submota,
721 744 803 777 quae
824 733 908 777 apud
930 744 995 774 vos,

255 791 287 818 ut
309 785 429 819 dictum
453 793 510 827 est,
528 787 777 821 necheatiPetri
800 787 937 831 apostoli
952 787 1000 819 in-

255 839 371 873 violata
389 851 457 874 esse
478 840 541 873 iam
562 841 683 885 potuit,
709 841 924 885 tranquillitas
944 846 999 874 tua

253 893 433 927 litterarum
444 895 557 928 saltem
569 901 679 928 tenore
691 901 876 937 cognoscat,
888 895 997 928 sedem

253 947 337 980 beati
368 949 506 992 apostoli
532 948 616 982 Petri
653 948 869 982 Alexandrino
904 949 997 981 Petro

254 1002 329 1034 olim
360 1002 508 1046 iusteque
540 1002 705 1043 damnato,
729 1013 764 1035 ac
786 1001 998 1035 nihilominus

254 1065 312 1099 per
336 1056 528 1089 sententiam
559 1056 745 1100 synodalem
780 1066 883 1099 nuper
918 1055 998 1089 eliso

254 1108 495 1142 communionis
516 1119 683 1152 nunquam
714 1109 761 1142 rel
790 1108 994 1152 praebuisse,

254 1163 301 1195 rel
327 1162 547 1206 praebituram
580 1173 649 1196 esse
670 1173 876 1205 consensum,
907 1162 994 1206 quia,

254 1221 288 1248 ut
308 1221 435 1248 caetera
465 1226 550 1248 nunc
580 1215 738 1256 omittam,
766 1216 805 1249 ab
826 1215 998 1249 haereticis

255 1269 417 1302 institutus
428 1275 539 1302 contra
551 1269 595 1301 sas
608 1279 704 1302 omne
719 1269 895 1303 catholicae
905 1280 998 1313 prae-

254 1322 358 1355 sidere
384 1333 448 1355 non
475 1323 575 1366 possit
600 1323 768 1356 Ecclesiae.
802 1324 889 1356 Unde
919 1334 998 1368 quo—

253 1375 341 1408 niam
362 1376 622 1409 adhortationem
650 1387 754 1409 meam
768 1376 901 1410 duxistis
921 1369 1016 1410 one-⁴

255 1439 372 1469 rosam,
397 1429 429 1462 in
455 1436 559 1463 vestro
581 1430 730 1474 relinquo
756 1431 998 1464 deliberationis

254 1483 408 1523 arbitrio,
435 1489 543 1516 utrum
571 1484 655 1516 beati
681 1484 816 1528 apostoli
838 1485 933 1524 Petri,
957 1493 1016 1519 an!

254 1537 460 1570 Alexandrini
487 1537 571 1570 Petri
598 1537 748 1581 cuiquam
776 1537 814 1570 sit
849 1538 998 1580 eligenda

255 1590 452 1624 communio.
488 1591 596 1630 Qualis
627 1597 735 1624 autem
765 1592 998 1624 Alexandrinus

254 1643 412 1684 extiterit,
436 1644 484 1677 rel
506 1644 782 1688 quemadmodum
805 1644 873 1677 falsi
892 1644 997 1677 nomi-

253 1697 303 1730 nis
323 1697 538 1731 sacerdotium
560 1708 618 1741 per
637 1708 738 1730 unum
757 1697 805 1730 vix
818 1709 894 1731 suae
911 1709 998 1731 com-

254 1751 369 1794 plicem
402 1751 566 1795 pravitatis
597 1751 786 1785 temerarius
819 1752 994 1796 usurparit,

254 1809 350 1848 atque
373 1804 405 1837 in
427 1804 655 1837 damnatorum
677 1804 772 1837 suerit
795 1804 890 1837 etiam
912 1805 997 1848 apud

255 1869 310 1892 ros
330 1859 451 1891 dudum
474 1864 559 1891 sorte
580 1864 785 1896 numeratus,
809 1858 998 1901 suffragato-

256 1912 299 1946 ris
320 1913 388 1946 eius
409 1912 514 1945 Aeacii
533 1912 646 1945 litteris
664 1912 704 1945 ad
724 1918 852 1945 sanctae
873 1923 997 1945 memo-

254 1965 321 1999 riae
352 1966 553 1999 decessorem
587 1976 695 1998 meum
729 1966 826 2006 datis,
860 1977 996 2010 quarum

255 2019 451 2062 exemplaria
483 2018 613 2051 subdita
641 2019 782 2060 cernitis,
807 2020 993 2063 approbate.
1014 2046 1016 2053 s

255 2072 366 2105 Utrum
380 2072 426 2105 vel
446 2071 616 2115 episcopus
634 2071 696 2105 dici
710 2072 822 2113 valeat,
840 2073 927 2116 quod
941 2083 998 2105 no-

256 2136 340 2166 men,
364 2125 489 2158 etiamsi
511 2136 529 2157 a
557 2125 704 2168 pluribus
729 2125 888 2170 episcopis
908 2136 998 2160 acce-

255 2179 362 2224 pisset,
386 2179 506 2212 habere
527 2189 590 2212 non
613 2186 730 2222 posset,
744 2180 790 2213 vel
810 2180 997 2214 orthodoxis

293 2317 310 2341 1·
326 2314 415 2348 vitati,
433 2318 459 2340 et
479 2314 579 2340 Miseno
596 2314 661 2341 haec
689 2318 746 2341 crat
768 2315 876 2351 legatio,
899 2320 927 2343 ut
947 2317 1014 2344 1³0ss

255 2365 312 2387 trus
327 2360 361 2386 ab
387 2359 566 2387 Alexandrina
596 2359 742 2394 pelleretur
762 2360 892 2394 Ecclesiam
915 2366 944 2388 ut
963 2362 996 2389 li-

255 2405 323 2432 hello
347 2404 371 2431 S.
396 2403 500 2431 loannis
529 2403 652 2439 Episcopi
681 2404 853 2433 Alexandrini
881 2406 1014 2433 Acaciusi

253 2448 441 2485 responderet;
458 2452 487 2475 ut
506 2448 556 2483 ipsi
580 2448 689 2475 demum
703 2449 800 2477 Acacio
821 2450 996 2478 denuntiare·
1013 2467 1014 2480 t

255 2498 306 2527 tur,
324 2493 396 2529 quod
413 2493 492 2520 Petro
522 2493 667 2520 anathema
684 2494 796 2522 diceret.
814 2495 911 2522 Verum
927 2495 954 2523 hi
971 2496 996 2522 in

254 2546 391 2565 carcerem
406 2537 510 2565 detrusi
532 2537 678 2565 haereticis
694 2539 912 2573 accomodarum,
924 2549 995 2576 quae
1013 2542 1015 2551 ¹

253 2583 310 2610 sola
324 2582 416 2617 negari
428 2582 524 2618 potuit,
547 2582 720 2610 voluntatem.
734 2583 798 2610 Cum
819 2583 885 2619 ipsis
903 2585 995 2620 itaque

255 2626 487 2654 communicantes
503 2625 574 2654 Petri
584 2627 768 2663 episcopatum
788 2632 876 2655 ratum
893 2628 995 2656 habue-
1013 2620 1014 2636 ¹

255 2680 294 2705 re,
307 2674 333 2698 et
344 2670 527 2706 obsequentes
540 2671 637 2699 Acacio
648 2672 824 2700 contumelias
834 2672 859 2699 in
870 2672 995 2701 loannem
1013 2682 1015 2704 ς

304 2727 377 2761 App.
397 2725 472 2752 Ball.
490 2725 591 2753 Bonis
611 2743 613 2745 ·
640 2727 699 2755 Vol.
719 2728 742 2755 1.
924 2728 956 2755 32

1678 249 1741 282 ⁶249

1032 306 1180 349 plebibus
1199 312 1309 340 contra
1327 306 1498 340 Nic-aenam
1520 307 1677 351 synodum
1698 318 1775 340 con-

1032 366 1080 393 tra
1110 360 1348 394 observantiam
1377 361 1575 403 singularem
1613 367 1777 395 mereatur

1032 413 1166 457 imponi,
1184 415 1378 458 promptam
1394 416 1493 447 Deum
1508 415 1627 459 pietate
1640 426 1778 459 perpen-

1032 467 1107 500 dite.
1131 467 1190 500 [hi
1212 468 1307 500 ctiam
1334 474 1467 512 apparet
1493 468 1672 509 evidenter,
1698 470 1777 501 Aea-
1799 482 1977 528 'ifanf-..sstac

1793 516 1819 528 ia
1832 515 1854 528 oi·
1875 515 1919 528 nni*
1939 511 1977 528 ,Κι-

1032 520 1128 561 cium,
1154 521 1208 565 qni
1231 532 1376 555 excessus
1389 533 1464 555 suos
1482 523 1540 555 sub
1555 529 1658 556 restro
1672 522 1778 566 potius
1793 540 1881 555 numius.

1032 574 1163 607 nomine
1185 575 1288 608 celare
1303 575 1413 615 voluit,
1438 586 1535 619 quam
1556 576 1646 609 robis
1666 576 1776 619 prosu-

1033 632 1104 660 tura
1125 637 1310 670 suggerere.
1336 634 1398 660 tam
1421 629 1514 661 saluti
1536 635 1658 662 vestrae
1681 629 1776 662 devo-

1033 680 1151 714 tionem
1174 681 1299 714 deferre
1321 681 1501 719 sinceram,
1530 693 1625 725 quam
1648 682 1776 715 fidelem

1032 732 1262 766 conscientiam
1278 732 1363 765 eirca
1375 733 1506 765 Patrum
1525 734 1664 774 regulas,
1681 739 1777 777 atque

1032 784 1136 829 ipsum
1157 786 1275 828 dogma
1296 792 1420 828 gestare
1434 785 1443 802 '²
1465 786 1670 819 catholicum.
1694 787 1774 819 I‘ro—

1032 844 1142 882 pterea
1163 839 1249 872 hunc
1274 839 1438 877 eumdem,
1463 844 1575 883 utpote.
1604 839 1658 882 qui
1677 840 1776 871 multa

1032 898 1146 925 contra
1166 892 1245 925 scita
1263 898 1406 926 reterum
1427 892 1551 926 nefaria
1565 892 1773 936 perpetravit,

1033 951 1062 977 et
1093 945 1162 978 eius
1193 946 1342 979 laudator
1371 946 1549 983 emerserit,
1573 957 1669 990 quem
1691 957 1776 979 asse-

1031 999 1096 1032 ruit
1116 1005 1146 1032 et
1167 999 1234 1043 ipse
1259 1000 1460 1041 damnatum,
1484 1006 1515 1033 et
1532 1000 1571 1033 ab
1593 1000 1777 1044 Apostolica

1032 1052 1105 1085 lecit
1124 1053 1205 1087 Sede
1231 1053 1391 1094 damnari,
1415 1064 1451 1086 ac
1472 1064 1582 1086 rursus
1603 1052 1777 1086 aedificans

1032 1116 1114 1149 quae
1142 1113 1215 1140 ante
1244 1107 1454 1147 destruxerat,
1482 1107 1774 1151 praevaricatorem

1032 1171 1064 1193 se
1076 1160 1144 1204 ipse
1159 1160 1325 1194 constituit
1336 1161 1347 1177 ³
1360 1171 1486 1201 eorum,
1503 1171 1586 1205 quos
1599 1161 1690 1205 sequi
1710 1172 1777 1193 ma-

1032 1213 1100 1254 luit,
1116 1214 1257 1258 portioni
1279 1214 1487 1248 districtionis
1508 1214 1702 1259 apostolicae
1719 1225 1777 1258 per

1032 1268 1147 1301 Tutum
1179 1269 1343 1301 Romanae
1375 1268 1537 1302 Ecclesiae
1573 1269 1775 1302 defensorem

1032 1321 1113 1354 iusta
1138 1322 1302 1366 deputavit
1325 1323 1511 1363 auctoritas,
1534 1328 1630 1366 atque
1650 1333 1668 1355 a
1689 1333 1776 1356 com-

1033 1375 1185 1409 munione
1216 1382 1243 1409 et
1274 1376 1427 1417 dignitate
1448 1377 1635 1420 apostolica,
1659 1387 1722 1420 qua
1742 1387 1774 1409 se

1032 1429 1098 1473 ipse
1132 1430 1200 1463 eins
1232 1430 1368 1463 externis
1398 1430 1552 1463 sociando
1586 1431 1773 1463 monstravit

1033 1483 1199 1525 indignum
1217 1511 1224 1523 ‚
1257 1483 1402 1525 legitima
1423 1484 1594 1516 serenitate
1612 1484 1771 1517 discrerit.

1032 1536 1111 1569 Puto
1129 1542 1236 1569 antem
1257 1537 1345 1580 quod
1366 1536 1467 1580 pietas
1489 1542 1552 1574 tua,
1577 1547 1660 1580 quae
1679 1537 1774 1570 etiam

1031 1589 1097 1623 suis
1124 1590 1241 1622 mavult
1275 1589 1358 1623 rinei
1390 1590 1525 1632 legibus,
1549 1601 1645 1633 quam
1667 1590 1772 1628 reniti,

1032 1643 1224 1676 coelestibus
1245 1643 1361 1676 debeat.
1380 1653 1495 1686 parere
1508 1643 1662 1682 decretis,
1679 1649 1774 1687 atqu(¹

1032 1697 1074 1730 ita
1095 1697 1309 1730 humanarum
1331 1696 1391 1729 sibi
1413 1707 1522 1730 rerum
1538 1697 1698 1739 fastigium
1711 1708 1771 1731 no-

1033 1750 1109 1783 verit
1133 1761 1201 1784 esse
1220 1750 1442 1790 commissum,
1458 1756 1491 1783 ut
1505 1756 1613 1783 tamen
1626 1760 1673 1789 ea,
1690 1761 1772 1794 quac

1033 1804 1140 1837 divina
1161 1811 1246 1840 sunt,
1270 1815 1328 1847 per
1360 1804 1599 1847 dispensatores
1620 1803 1774 1836 divinitus

1032 1857 1202 1890 attributos
1223 1857 1433 1900 percipienda
1448 1867 1511 1889 non
1526 1856 1679 1899 ambigat.
1694 1857 1775 1889 Puto

1033 1911 1119 1954 quod
1137 1910 1228 1944 vobis
1241 1910 1309 1944 sine
1331 1911 1396 1943 ulla
1415 1910 1615 1944 dubitatione
1629 1910 1669 1943 sit
1683 1910 1772 1951 utile,

1033 2018 1232 2062 principatus
1261 2018 1372 2051 sinatis
1400 2018 1445 2051 uti
1473 2018 1597 2061 legibus
1618 2018 1697 2054 suis:
1718 2029 1776 2051 nec

1032 2072 1172 2105 libertati
1188 2072 1255 2105 eius
1276 2083 1474 2116 quemquam
1500 2071 1693 2115 permittatis
1714 2072 1773 2105 oh-

1032 2126 1161 2167 sistere,
1190 2137 1273 2170 quae
1309 2126 1399 2169 regni
1428 2126 1517 2160 vohis
1554 2125 1692 2159 restituit
1718 2136 1775 2169 po-

1034 2185 1191 2213 testatem.
1224 2180 1351 2214 Certum
1381 2186 1424 2212 est
1464 2180 1547 2212 enim
1588 2180 1647 2212 hoc
1681 2179 1776 2213 relius

1031 2314 1188 2351 episcopum
1205 2318 1407 2345 conrerterunt,
1424 2314 1487 2341 dum
1509 2314 1579 2340 Felix
1602 2313 1664 2340 lidei
1680 2313 1775 2340 desen-

1031 2373 1075 2392 sor
1086 2364 1160 2391 nullo
1173 2365 1293 2391 cruciatu
1309 2363 1456 2391 deterritus
1467 2363 1601 2390 sociorum
1617 2362 1771 2389 scandalum

1031 2412 1180 2439 constantia
1196 2421 1244 2439 sua
1264 2412 1410 2448 repararit.
1428 2412 1538 2439 lnterim
1554 2411 1679 2439 Pontifex
1700 2415 1773 2438 tanto

1031 2461 1145 2488 crimine
1162 2465 1300 2496 permotus
1322 2461 1444 2493 Vitalem,
1475 2465 1501 2488 et
1522 2460 1651 2487 Misenum
1674 2460 1776 2487 honore

1031 2515 1057 2537 et
1074 2510 1263 2538 communione
1287 2510 1411 2546 privavit.
1428 2510 1457 2537 V.
1480 2509 1567 2545 Migne
1583 2509 1691 2537 Patr-ol.
1710 2513 1773 2536 tom,

1033 2572 1105 2597 isin,
1122 2566 1173 2592 col.
1195 2565 1247 2593 933
1262 2565 1311 2592 sub
1333 2565 1422 2591 tinem.

1066 2620 1082 2647 2
1097 2620 1139 2647 ΑΙ.
1158 2628 1300 2656 perperam
1317 2622 1450 2655 flestaret.

1066 2675 1082 2700 Ρ,
1098 2674 1183 2701 Galat.
1202 2681 1229 2707 n,
1250 2683 1271 2699 v.
1295 2675 1332 2700 ta.

1807 260 1853 286 An.
1872 259 1899 285 C.
1930 260 1976 286 tsi

1819 1921 1881 1942 Sedis
1890 1923 1977 1948 Aposto-

1790 1949 1844 1970 licie
1854 1949 1946 1969 deciens
1954 1956 1977 1969 u-

1033 1965 1057 1997 si
1078 1965 1252 1998 Ecclesiam
1287 1964 1479 1998 catholicam
1510 1965 1605 1997 vestri
1631 1970 1964 2008 temporecqmescenaum.
