2244 3183
286 207 335 233 An.
356 206 384 234 C.
403 206 452 233 t5t

287 321 396 341 l'asrlmtis
436 322 470 341 die

286 347 411 374 lnqun'cntlo
425 354 470 373 gra-

286 375 325 394 titis
341 377 391 400 agit.

313 801 400 825 nupera·
430 801 447 820 el

287 828 362 846 rumam
374 827 400 846 illi
411 832 470 853 prae-

286 855 369 875 sertim.
392 853 470 875 trien-li,

287 881 322 905 qui
334 881 379 905 plns
391 879 438 899 anci
447 885 470 900 a-

286 912 343 927 more
361 906 436 932 vigent.

315 2173 404 2193 Anatolii
415 2173 471 2201 ‘leti-

288 2201 351 2219 tatem
362 2201 436 2224 carpit.

521 198 579 232 13ss

487 320 518 342 111
541 310 634 342 rebus
646 309 869 342 Alexandriam
881 309 1049 343 mitteretis
1067 309 1106 343 de
1120 320 1231 343 errore

487 360 700 393 admonendo
728 359 757 400 ²⁷,
781 371 877 404 quem
903 366 1031 394 sanctae
1055 360 1230 394 memoriae

488 413 634 457 'l'eopliili
656 413 843 447 constitutio
871 413 997 447 videtur
1025 413 1155 447 inferre.
1186 415 1230 447 De

489 478 551 511 qua
571 478 615 507 re,
637 467 719 500 sicut
739 467 880 500 scribere
901 467 1077 509 dignamini
1094 495 1100 507 ,
1133 467 1226 511 quic--

490 520 567 564 quid
589 520 628 553 ad
658 519 784 564 pietatis
804 526 926 554 vestrae
953 520 1100 553 notitiam
1125 520 1229 564 perla-

488 580 553 606 tum
580 574 685 615 suerit,
714 574 822 607 iubete
848 584 898 606 me
926 584 1038 615 nosse,
1059 579 1093 607 ut
1113 574 1152 607 dc
1172 573 1228 607 ob-

485 627 656 667 servantia,
681 638 776 672 quam
790 638 853 660 non
874 628 947 661 lieet
965 638 1032 661 esse
1054 627 1224 666 diversam,

488 681 564 724 quid
581 681 592 696 ³
610 681 811 725 potissimum
833 681 872 714 sit
900 682 1072 715 tenendum
1090 708 1096 721 ,
1120 681 1227 714 Eccle-

486 735 531 768 sia
550 735 738 768 universalis
765 742 926 777 agnoscat.
959 735 1076 768 Precor
1104 739 1222 774 autem,

451 806 469 818 ι..
486 789 573 832 quod
595 794 717 822 restrae
741 788 814 822 novi
833 788 1022 822 clementiae
1040 787 1222 827 convenire,

487 848 521 875 nt
548 852 603 875 eos
629 843 766 876 maxime
793 841 947 875 tueamini
972 847 1084 875 contra
1115 851 1226 874 omnes

486 896 628 938 insidias,
651 907 731 940 quos
753 896 830 928 milii
849 901 879 929 et
902 901 1024 929 vestrae
1041 900 1227 928 mansuetu-

489 949 556 982 dini
584 955 716 994 propter
743 960 887 983 amorem
915 949 990 983 fidei
1015 949 1143 993 placere
1174 958 1227 981 co-

486 1003 661 1045 gnosciffis,
697 1009 732 1036 ut
762 1014 816 1037 eos
855 1002 1227 1046 Constantinopolitanus

486 1056 658 1100 episcopus
688 1056 834 1090 laedendi
864 1067 929 1090 non
959 1057 1075 1089 habeat
1096 1056 1227 1089 faculta-

488 1116 560 1143 [em.

529 1166 608 1198 Data
625 1165 753 1198 decimo
775 1164 912 1208 septimo
934 1164 1087 1197 kalendas
1110 1163 1120 1180 ⁴
1141 1163 1224 1204 Maii,

489 1218 579 1251 Aetio
602 1225 633 1251 et
654 1218 768 1251 Studio
793 1218 868 1251 viris
898 1217 1084 1251 clarissimis
1105 1228 1225 1251 consu-

487 1271 580 1304 libus.

521 1334 582 1360 Dat.
603 1333 647 1360 die
670 1334 701 1360 15
720 1333 833 1369 Aprilis,
855 1342 899 1360 an.
923 1334 984 1360 452,

702 1487 885 1521 EPISTULA.
909 1488 970 1521 XCI
986 1488 1007 1520 ⁵.

486 1568 642 1602 Anatolio
664 1568 810 1602 tribuens
832 1569 1055 1602 t'ntcrmz'sscmt
1069 1579 1141 1601 cum
1159 1569 1228 1612 ipso

532 1621 705 1655 literarum
733 1621 999 1654 consuetudinem
1025 1622 1094 1655 eius
1119 1632 1227 1655 reccu-

532 1675 616 1708 tiora
645 1676 732 1718 lacta
759 1675 884 1713 laudat,
918 1675 1035 1718 quidve
1065 1675 1229 1719 offendam

530 1740 603 1760 ram
623 1729 748 1762 clericis
764 1728 994 1772 praescribens,
1016 1728 1075 1772 qai
1096 1729 1133 1761 in>
1160 1728 1225 1761 Eu-

532 1783 718 1825 lyrliicmam
754 1782 914 1814 haeresim
943 1782 1135 1819 corruerint,
1163 1781 1225 1814 Ni-

531 1846 702 1869 caenorum
723 1846 885 1868 canonum
906 1835 1086 1868 custodiam
1102 1836 1229 1879 praeci-

528 1900 593 1932 pue
613 1888 827 1921 commendat.

570 1979 626 2006 Leo
647 1978 808 2022 Episcopus
829 1977 966 2005 Anatolio
987 1977 1142 2012 Episcopo.

571 2060 624 2086 Per
643 2058 815 2086 Nectarium
835 2061 974 2093 agentem
994 2058 1025 2084 in
1045 2058 1147 2085 rebus.

532 2132 604 2165 Car.
621 2132 642 2164 l.
661 2130 690 2163 Si
705 2132 800 2163 lirmo
814 2128 1137 2173 incommutabilique
1155 2139 1230 2173 pro-

487 2183 592 2228 posito
624 2183 753 2217 dilectio
787 2189 840 2216 tua
860 2193 970 2216 euram
994 2181 1115 2225 gratiae
1140 2192 1229 2216 com-

527 2304 533 2329 l
557 2312 568 2329 a
587 2303 662 2338 Vulg.
685 2306 740 2330 ant.
762 2302 865 2330 addunt
883 2303 1052 2331 Nectarium
1069 2312 1080 2329 w
1103 2302 1227 2331 Ballerin.

488 2357 515 2380 et
530 2352 648 2379 Caeciar.
665 2352 693 2379 ll.
710 2360 750 2379 cc.

523 2407 539 2433 2
558 2416 568 2431 α
581 2406 633 2433 630
649 2406 816 2434 removendo
831 2417 857 2433 n.
874 2405 992 2433 Caeciar.
1009 2405 1027 2433 l.
1046 2415 1068 2433 c.

523 2460 539 2485 :3
554 2459 671 2486 Caeciar.
689 2460 705 2486 l.
728 2468 751 2486 c.
769 2460 923 2494 quidquid.

524 2514 539 2540 ¹2
556 2524 567 2538 ιι
586 2513 625 2540 ΑΙ.
643 2514 771 2548 sephram
788 2514 822 2540 al.
841 2514 947 2541 decimo
958 2516 1036 2542 seoeto
1052 2513 1188 2541 kalendas
1202 2523 1228 2539 n.

488 2562 613 2589 Ballerin.
638 2566 664 2589 et
686 2562 806 2590 Caeciar.
832 2562 858 2589 ll.
885 2571 924 2589 cc.
941 2562 1007 2590 Jatfe
1023 2571 1067 2598 op.
1089 2562 1133 2589 cit.
1151 2561 1229 2589 nohis

489 2612 629 2640 consentit.

1011 207 1172 232 APPENDIX
1193 208 1343 232 BULLAnn
1363 208 1484 233 nomam

325 269 352 288 ae
369 268 469 288 usu-mina
488 256 606 299 pietate
623 262 816 300 susceptam,
832 256 1045 290 utconsestim
1064 255 1231 298 agentcm¹
1267 255 1371 289 inanis
1400 255 1582 294 habuisset,
1616 256 1694 289 nihil
1726 258 1879 300 profecto,
1914 257 2000 300 quod

286 295 427 315 sulltritudinc
451 295 470 314 in
489 310 494 314 .

1266 309 1363 342 ullam
1385 309 1577 342 anxietatem
1605 309 1660 342 tibi
1687 309 1860 352 ingereret,
1884 309 2002 342 extitis-

1263 368 1319 396 set.
1343 363 1412 396 Non
1433 362 1518 395 enim
1539 362 1664 395 sinebat
1684 362 1765 395 ratio
1786 368 1819 395 ut
1840 362 1908 396 eius
1929 362 2002 396 cha-

1265 416 1392 449 ritatem
1421 408 1619 460 spernerem,
1653 427 1749 459 quem
1770 426 1881 449 amore
1900 417 1998 460 pacis,

1264 474 1294 502 et
1305 469 1412 502 studio
1429 469 1628 512 reparandae
1638 469 1814 502 catholicae
1831 469 1906 502 lidei
1920 469 2003 503 inter

1264 522 1331 566 ipsa
1352 522 1555 566 episcopatus
1581 522 1763 555 rudimenta
1784 522 1944 562 iuvissem,
1968 532 2003 555 o-

1261 581 1354 619 ptans
1374 575 1406 607 in
1427 575 1648 608 ecclesiasticis
1669 575 1753 608 curis
1768 575 1862 608 talem
1884 575 2002 609 habere

1262 634 1457 669 consortem,
1481 634 1515 661 ut
1536 628 1614 661 milii
1629 628 1667 662 de
1680 629 1796 662 sanctis
1816 639 2002 672 praecesso-

1261 682 1349 715 ribus
1369 683 1378 697 “
1400 682 1459 716 tuis
1487 693 1546 716 nee
1575 682 1704 715 Ioannis
1727 682 1928 726 spiritualem
1949 693 2002 716 co-

1261 735 1451 779 piosamque
1472 735 1664 776 doctrinam,
1692 746 1751 769 nec
1776 736 2001 770 auctoritatem

1260 788 1363 830 Attici,
1387 799 1446 822 nec
1466 789 1656 822 industriam
1676 789 1792 830 Procli,
1820 800 1879 823 ncc
1903 788 2001 823 fidem

1260 842 1346 876 beati
1367 842 1506 876 Flaviani
1522 843 1630 876 deesse
1651 842 1813 876 sentirem:
1831 848 1861 876 et
1875 842 1917 876 ita
1936 848 2002 876 stu-

1262 896 1322 929 diis
1345 896 1405 930 tuis
1435 901 1561 937 uterer,
1595 901 1630 929 ut
1657 896 1764 929 nullus
1789 896 1922 929 auderet
1953 896 2000 930 vel

1261 949 1336 983 fidei
1358 949 1533 983 catholicae
1563 949 1738 989 resultare,
1774 949 1820 982 vel
1853 949 2000 983 Nicaenis

1262 1003 1493 1037 venerabilium
1526 1004 1656 1037 Patrum
1683 1003 1801 1046 regulis
1825 1003 1997 1036 contraire.

1261 1057 1322 1090 Sed
1343 1068 1416 1090 cum
1439 1057 1471 1090 in
1489 1057 1499 1073 ⁷
1520 1057 1670 1090 iniuriam
1699 1067 1872 1096 canonum,
1899 1062 1934 1090 ut
1962 1067 1998 1090 a·

1262 1111 1401 1153 gnomis,
1426 1110 1480 1144 illa
1502 1116 1621 1144 tentata
1641 1110 1703 1143 sint
1716 1113 1736 1151 ὅ,
1754 1121 1836 1153 quae
1850 1110 2002 1144 omnibus

1261 1164 1410 1198 Ecclesiis
1445 1164 1633 1197 scandalum
1664 1163 1839 1196 maximum
1869 1174 2003 1206 genera-

1262 1222 1343 1254 rent:
1368 1217 1446 1261 quid
1466 1217 1570 1261 aptius
1590 1228 1627 1251 ac
1647 1216 1822 1250 modestius
1850 1216 2000 1258 facerem,

1262 1282 1359 1315 quam
1379 1277 1415 1304 ut
1433 1279 1461 1304 te
1473 1271 1625 1315 primum,
1646 1276 1681 1304 ut
1694 1271 1733 1304 ab
1751 1271 1811 1304 hac
1824 1270 2003 1304 intentione

1263 1325 1464 1366 1·eeederes⁰‚
1478 1325 1620 1358 fraterno
1641 1324 1750 1358 animo
1771 1324 1876 1358 missis
1889 1324 2003 1358 litteris

1263 1378 1491 1411 admonerem?
1511 1378 1559 1412 Ad
1579 1389 1658 1422 quas
1676 1389 1749 1412 cum
1767 1388 1832 1412 non
1845 1377 2002 1412 rescribe-

1261 1442 1323 1472 res,
1344 1431 1411 1475 ipse
1429 1437 1459 1465 te
1480 1442 1498 1465 a
1518 1431 1670 1475 colloquii
1691 1431 1753 1464 mei
1773 1431 1934 1465 consortio
1954 1442 2002 1466 se-
2017 1437 2201 1486 lmffiffiissffi

1261 1485 1393 1529 parasti.
1416 1485 1560 1528 Denique
1577 1485 1652 1518 inde
1665 1485 1728 1518 iam
1747 1484 1840 1526 tacui,
1864 1485 1919 1518 sed
1941 1486 2002 1519 cle·
2016 1491 2202 1539 ffgitffiffllgffiffi·

1262 1538 1463 1572 mentissimo
1498 1538 1639 1582 Principi
1671 1538 1795 1572 custodi
1832 1538 1908 1572 fidei
1934 1539 2000 1572 fre·
2195 1533 2201 1540 ”

1263 1591 1373 1636 quenti
1400 1591 1581 1625 litterarum
1612 1591 1767 1635 petitione
1786 1591 1941 1634 suggessi,
1969 1597 2005 1625 ut

1262 1655 1322 1689 pro
1342 1655 1420 1688 pace
1440 1644 1667 1685 Ecclesiarum‚
1685 1655 1781 1688 quam
1797 1645 1852 1678 tibi
1867 1644 2004 1679 maxime

1262 1699 1414 1743 prodesse
1428 1699 1606 1741 cognoscis,
1618 1699 1707 1739 haec,
1725 1709 1807 1742 quae
1820 1708 1907 1732 nunc
1918 1709 1936 1732 a
1951 1704 2005 1732 tua

1264 1752 1435 1786 dilectione
1468 1753 1550 1785 sacta
1581 1758 1672 1792 sunt,
1699 1752 1923 1796 implerentur.
1948 1752 2003 1786 Cui

1265 1805 1444 1839 ineffabiles
1464 1805 1583 1848 gratias
1608 1816 1680 1848 ago,
1709 1806 1796 1849 quod
1824 1806 2003 1839 secundum

1263 1859 1478 1892 eruditionem
1492 1858 1628 1902 Spiritus
1641 1858 1758 1899 Sancti,
1777 1858 1867 1892 cuius
1883 1864 1931 1892 est
1943 1858 2004 1892 vir·
2018 1863 2111 1911 &unffi
2123 1862 2193 1912 33:13¹*

1265 1918 1330 1945 tute
1360 1913 1580 1956 plenissimus,
1603 1912 1794 1946 sacerdotali
1819 1912 1970 1955 dignatur
1982 1911 2004 1930 ¹⁰
2018 1916 2192 1965 gssffi‘i'fgsugffig

1262 1966 1391 1999 studere
1412 1965 1616 2006 concordiae,
1639 1965 1742 1999 sciens
1759 1965 1821 1999 sibi
1841 1965 2003 1999 orationes
2018 1970 2080 1992 ditur.
2199 1963 2202 1966 ’

1263 2019 1513 2063 supplicantium
1526 2019 1688 2062 copiosius
1701 2019 1895 2062 profuturas,
1912 2018 1938 2052 si
1956 2018 2002 2051 fa-

1264 2073 1341 2106 muli
1363 2073 1457 2107 unius
1476 2073 1602 2107 Domini
1623 2073 1655 2106 in
1675 2074 1764 2107 nullo
1782 2073 1846 2107 sint
1870 2083 1887 2106 a
1910 2083 2004 2107 verae

1263 2126 1349 2171 pacis
1369 2127 1491 2160 unitate
1511 2121 1628 2160 divisis

1307 2180 1379 2214 Cap,
1403 2181 1439 2214 ΙΙ.
1470 2180 1561 2220 Quod
1583 2191 1659 2223 ergo
1680 2180 1712 2214 in
1740 2180 2006 2225 Constantinopo-

2055 906 2131 927 Leonis
2150 909 2207 933 erga

2015 933 2082 958 ipsum
2103 933 2199 954 modera-

2015 959 2043 980 tio
2051 959 2199 980 etsollicitudo.

1297 2295 1455 2358 Ιὸἰέἒγξᾱίι.
1476 2294 1602 2322 Ballerin.
1620 2295 1691 2330 Opp.
1717 2294 1745 2322 S.
1771 2294 1874 2322 Leonis
1898 2297 1961 2322 tom.
1985 2301 2004 2330 1,

1264 2339 1294 2359 co
1310 2352 1316 2358 .
1408 2352 1413 2358 .

1298 2371 1313 2397 6
1334 2371 1402 2398 «Al.
1418 2371 1698 2406 praecursoribus».
1719 2369 1849 2397 Ballerin.
1870 2369 1888 2396 l.
1910 2378 1934 2397 c.

1299 2411 1314 2437 7
1331 2410 1449 2438 Caeciar.
1467 2411 1537 2445 Opp.
1561 2411 1591 2438 S.
1607 2410 1707 2438 Leonis
1728 2413 1797 2445 part.
1822 2416 1852 2444 ιι,
1877 2417 1938 2445 pag.
1955 2409 2005 2438 397

1263 2450 1363 2478 omittit
1377 2451 1421 2485 iu,
1438 2450 1535 2477 mendo
1552 2449 1707 2486 typograph.
1726 2453 1755 2477 ut
1770 2449 1884 2477 videtur.

1298 2492 1313 2519 8
1330 2491 1449 2519 Cacciar.
1467 2491 1485 2518 l.
1502 2499 1525 2518 c.
1543 2498 1603 2517 cum
1619 2490 1689 2526 vulg.
1711 2493 1766 2517 ant.
1786 2493 1863 2518 sunl.

1297 2532 1314 2559 9
1337 2543 1349 2556 «
1371 2531 1438 2558 Tres
1463 2530 1531 2558 Vatt.
1554 2529 1612 2557 cod.
1646 2530 1804 2558 discederes
1823 2540 1850 2558 ».
1883 2530 2003 2558 Caeciar.

1262 2579 1322 2608 pag.
1338 2571 1400 2599 298.
1417 2571 1458 2598 Ad
1473 2579 1530 2598 rem
1546 2569 1703 2598 concinnius
1719 2569 1800 2597 videt.
1815 2578 1842 2599 n.
1859 2570 1877 2597 l.

1297 2611 1332 2639 10
1350 2622 1362 2636 «
1382 2611 1426 2639 Al.
1447 2611 1582 2646 dig-artetur
1595 2620 1622 2638 ».
1639 2609 1765 2639 Ballerin.
1783 2611 1835 2639 col.
1852 2610 1930 2639 1278.
