2244 3183
83 220 136 247 Aa.
153 219 183 246 c.
199 200 251 246 iis

113 595 171 616 Illius
186 594 273 625 ‹leci-eta

87 624 188 648 quantum
194 626 274 647 iniqua.

116 861 192 882 Christi
207 861 274 882 Evan-

89 889 144 914 gelio
153 888 208 909 nulla
224 888 274 909 inse-

89 914 155 936 renda
171 915 208 935 vis.

133 1073 275 1094 Theodosium

92 1101 191 1121 obsecrat
206 1103 235 1123 ut,
243 1106 275 1120 re-

92 1129 149 1148 moto
164 1127 212 1147 fidei
222 1127 276 1153 peri-

92 1154 147 1177 tuto.
157 1154 227 1174 omnia
243 1159 276 1174 ve-

92 1180 116 1201 tit
130 1181 216 1201 intacta.

109 1550 220 1572 individua
235 1551 280 1571 Tri-

96 1578 152 1599 nitas
179 1577 280 1604 improbis

96 1605 149 1626 actis
159 1605 258 1626 laeditur.

127 2134 150 2156 ln
164 2134 204 2156 ilde
220 2134 285 2155 domi-

101 2161 162 2182 nicae
187 2162 285 2182 incarna-

102 2188 165 2208 tionis
188 2188 285 2209 Theodo-

101 2215 155 2235 sium
176 2214 210 2235 Ss.
231 2221 285 2235 mar·

101 2242 168 2267 tyrum
190 2242 285 2268 exempto

102 2267 217 2289 confirmat.

940 218 965 242 S.
987 218 1050 242 LEO
1070 219 1080 242 1
1101 219 1150 243 PP-

283 267 424 307 fuerunt,
445 267 633 301 sententiam
652 267 824 311 protulere.
853 266 1023 309 Cognosci-

284 332 356 354 mus
376 321 461 354 enim
479 321 517 354 ad
534 321 705 355 concilium
724 331 787 354 non
805 331 927 359 omnesy
944 331 1024 364 quos

284 373 465 418 oportebat,
483 374 687 415 convenisse;
713 374 768 407 sed
793 374 872 407 alios
894 373 1024 417 quidem

285 427 415 469 eiectos,
458 427 537 461 alios
573 434 680 461 autem
706 427 927 465 intromissos,
971 426 1026 470 qui

287 480 440 523 praedicti
466 480 607 524 episcopi
626 479 895 514 circumventione
921 479 1027 522 impiis

288 532 579 577 subscriptionibus
616 533 698 577 eapti
725 540 807 566 sunt.
829 533 912 566 Talis
935 543 1026 565 nam-

289 596 350 629 que
375 587 413 620 ab
437 587 506 631 ipso
526 587 650 630 prolata
674 586 839 626 sententia,
867 592 901 619 ut.
926 586 1027 618 omni-

288 638 348 671 bus
364 640 532 683 peripsum
550 639 698 673 Ecclesiis
712 639 830 672 iniuria
845 638 1023 671 inferretur.

288 692 516 726 Huiuscemodi
536 693 621 727 enim
647 703 713 726 rem
738 692 828 727 valde
845 692 975 737 impiam
993 692 1028 724 si-

289 746 406 791 deique
431 753 662 791 repugnantem
696 748 717 780 ii
742 753 837 781 testes
873 747 912 779 de
946 747 1025 785 visu,

289 801 343 845 qui
377 812 434 844 per
465 812 523 835 nos
552 801 638 834 missi
664 807 755 842 sunt,
784 801 878 834 nobis
909 800 1029 844 signifi-

289 860 413 888 carunt.
434 855 547 895 Unde,
569 855 771 888 serenissime
795 855 984 898 imperator,
1012 865 1029 887 a

289 914 392 941 vestra
425 909 477 952 pia
502 908 695 942 conscientia
722 908 900 952 periculum
935 917 1029 941 causa

290 960 365 995 fidei
397 967 540 995 avertere
579 962 734 1004 dignare,
761 972 865 1004 neque
891 962 1029 994 humana

290 1015 509 1059 praesumptio
519 1014 632 1049 Christi
644 1015 816 1058 Evangelio
827 1015 886 1047 vim
905 1014 1029 1047 inserat.

291 1068 374 1101 Ilaec
398 1079 456 1111 ego
472 1096 479 1109 ‚
506 1079 524 1102 o
549 1068 812 1101 christianissime
841 1074 871 1101 et
896 1077 1031 1101 venera-

291 1121 362 1155 hilis
379 1121 649 1166 imperator‚eum
663 1121 713 1163 iis,
733 1121 787 1165 qui
801 1132 926 1155 mecum
945 1127 1029 1162 sunt,

292 1176 463 1220 episcopis,
479 1176 602 1210 sincero
612 1176 726 1210 affectu
740 1176 872 1220 cupiens
889 1186 943 1208 vos
960 1182 1031 1208 ante

293 1229 401 1262 omnia
426 1229 553 1273 placere
566 1230 642 1271 Deo,
658 1230 697 1262 ad
716 1240 811 1273 quem
832 1230 871 1262 ab
884 1229 1032 1262 universa

294 1282 437 1315 Ecclesia
461 1282 656 1316 unanimiter
688 1294 744 1327 pro
771 1288 873 1316 restro
899 1283 1033 1326 imperio

294 1346 404 1380 preces
421 1336 612 1376 funduntur,
631 1342 664 1369 ut
684 1336 779 1369 facias
792 1335 959 1369 consilium
978 1336 1030 1375 do,

294 1398 333 1421 ne
358 1389 436 1421 sorte
460 1399 579 1432 poenas
603 1388 820 1432 persolvamus
838 1395 910 1421 aute
928 1388 1030 1421 tribu-

295 1441 346 1473 nal
372 1441 499 1482 Christi,
527 1442 552 1474 si
577 1442 797 1475 huiuscemodi
825 1453 890 1475 rem
909 1443 1035 1476 silentio

295 1494 503 1528 involvamus.
531 1494 668 1527 Obsecro
689 1495 787 1537 igitur
811 1505 916 1528 coram
939 1495 1035 1528 unius

294 1547 425 1580 Deitatis
450 1547 653 1591 inseparabili
678 1548 850 1588 Trinitate,
874 1558 954 1591 quae
981 1560 1035 1591 per

295 1611 343 1642 ea,
366 1611 447 1644 quae
472 1601 554 1634 male
580 1606 648 1634 acta
668 1607 752 1642 sunt,
770 1601 918 1642 laeditur,
939 1613 1034 1645 quae-

295 1665 357 1698 que
381 1654 475 1688 vestri
504 1660 550 1688 est
578 1660 685 1688 custos
708 1655 849 1698 imperii,
871 1661 902 1688 et
927 1666 1033 1688 coram

294 1707 411 1741 sanctis
436 1707 556 1751 angelis
581 1707 714 1747 Christi,
748 1713 783 1741 ut
822 1714 937 1741 cuncta
962 1719 1035 1740 ma-

294 1768 391 1794 neant
408 1761 537 1801 intacta,
551 1761 633 1794 sicut
656 1767 686 1795 et
706 1767 779 1795 ante
803 1761 958 1795 iudicium
973 1762 1036 1794 exi—

296 1815 431 1848 stebant.
448 1815 622 1858 Expectent
636 1820 742 1848 autem
755 1816 857 1848 maius
871 1815 1035 1849 criterium

297 1868 440 1909 concilii,
467 1868 499 1901 in
516 1879 580 1911 quo
598 1868 702 1901 omnis
719 1880 755 1902 ex
776 1873 841 1902 toto
866 1870 942 1902 orbe
965 1870 1034 1913 epi-

298 1931 468 1966 scoporum
493 1931 646 1955 numerus
673 1928 899 1965 congregetur;
932 1933 1037 1966 neque

298 1974 409 2008 sinatis
433 1984 488 2007 vos
520 1974 558 2007 de
591 1976 695 2008 alieno
719 1980 848 2019 peceato
876 1986 957 2008 onus
987 1986 1038 2008 su-

299 2027 433 2068 stinere;
457 2027 544 2071 quod
568 2033 603 2061 ut
628 2028 826 2061 manifestius
851 2028 1034 2067 edicamus,

299 2080 445 2124 urgentis
469 2081 667 2115 necessitatis
693 2081 807 2115 timore
840 2082 1038 2125 constringi-

299 2146 382 2168 mur.
403 2134 464 2168 Sed
482 2141 554 2169 ante
565 2134 674 2168 oculos
684 2135 852 2180 proponite
862 2135 1035 2170 beatissimi

300 2189 384 2223 Petri
410 2189 558 2232 gloriam,
583 2200 836 2234 communesque
872 2201 944 2224 cum
970 2191 1038 2234 ipso

300 2244 445 2277 omnium
469 2244 688 2287 apostolorum
709 2255 843 2278 coronas
868 2250 897 2277 et
922 2251 1039 2289 marty-

301 2306 372 2330 rum
396 2296 529 2340 gaudia,
554 2296 671 2340 quibus
691 2307 756 2330 non
780 2298 840 2331 alia
861 2298 919 2331 fuit
944 2308 1039 2331 causa

301 2349 455 2393 patiendi,
481 2349 540 2382 nisi
558 2349 716 2384 consessio
737 2361 827 2384 verae
845 2351 989 2392 Deitatis,
1010 2358 1040 2385 et

301 2403 334 2436 in
351 2402 474 2437 Christo
491 2402 629 2447 perfecta
646 2403 841 2447 permansio.
862 2404 949 2444 Quae
965 2415 1040 2438 con-

337 2482 347 2508 1
371 2482 410 2508 Ex
424 2481 525 2508 Baller.
542 2482 613 2517 Opp.
629 2482 658 2509 S.
680 2482 783 2509 Leonis
799 2486 863 2511 tom.
880 2489 898 2517 ι,
916 2483 1039 2517 cot.907‚

301 2517 347 2552 qui
363 2517 487 2544 eamdem
508 2526 522 2544 e
544 2516 587 2544 ist.
604 2517 728 2544 referunt
743 2526 773 2544 ex
787 2527 853 2545 mss.
874 2519 973 2546 latinae
984 2519 1040 2546 col-

301 2552 425 2579 lectionis
445 2552 526 2579 Chalc
547 2552 704 2587 edonensis,
720 2553 782 2580 iicet
796 2562 851 2581 non
866 2562 925 2582 esse
940 2558 1041 2581 textum

301 2587 460 2623 originalem
479 2588 545 2615 satis
561 2587 761 2615 demonstrent.
787 2588 845 2617 Vid.
862 2597 931 2624 quae
950 2589 1041 2616 innui-

302 2630 361 2650 mus
375 2622 409 2650 ad
423 2623 532 2659 preced.
548 2624 627 2659 epist.
649 2627 704 2651 not.
727 2624 752 2651 1,

327 2675 403 2713 App.
417 2675 498 2706 Bau.
517 2677 595 2706 Rom.
616 2691 651 2697 —-
673 2676 735 2705 Vol«
750 2677 774 2704 Ι.
956 2678 971 2705 7

1724 214 1766 248 49
1829 225 1878 252 An.
1896 226 1925 253 c.
1942 225 1992 253 449

1058 267 1148 300 sessio
1174 278 1245 301 cum
1266 268 1361 312 impie
1384 279 1470 303 nunc
1491 282 1508 304 a
1533 271 1643 314 paucis
1661 272 1795 316 quibus·
1845 286 1869 306 Ei
1885 288 1995 317 suppum-

1057 321 1129 353 dam
1155 321 1311 362 laedatur,
1330 333 1440 357 omnes
1457 330 1638 358 nostrarum
1656 326 1795 369 partium
1811 315 1994 360 'cli‘al'ilss'ffiilffi

1059 375 1216 409 Eccl‹·siae
1241 387 1415 421 omnesque
1440 379 1618 412 sacerdotes
1643 390 1796 413 mansue·
1811 365 1860 412 ¹1¹5?
1881 372 1994 392 wnfflge'

1061 427 1162 460 tudini
1185 435 1304 462 vestrae
1329 441 1400 462 cum
1433 432 1580 475 lacrymis
1615 433 1797 476 supplicant

1061 485 1192 522 propter
1204 482 1450 524 appellationem
1465 484 1496 516 in
1510 485 1650 518 Flaviani
1660 486 1797 530 episcopi

1061 532 1167 565 libello
1185 539 1384 575 contentam,
1409 542 1442 569 ut
1467 537 1602 580 speciale
1626 539 1798 572 concilium

1061 585 1196 619 iubeatis
1221 586 1253 619 in
1278 587 1386 620 Italiae
1421 590 1565 632 partibus
1602 591 1709 634 peragi
1727 619 1734 631 ,
1764 597 1799 625 ut

1062 640 1164 672 omnis
1189 639 1356 674 conflictus
1374 643 1545 685 repellatur
1563 643 1608 676 vel
1623 644 1797 687 mitigetur,
1834 654 1866 684 xii
1881 656 1907 675 sa
1922 656 1942 676 m
1957 656 1997 677 nae

1061 693 1204 736 nihilque
1221 693 1350 727 devians
1375 696 1421 727 vel
1447 695 1581 729 dubium
1606 697 1638 729 in
1664 697 1727 730 fide
1750 698 1799 732 sit:
1815 681 1998 728 ffiffinsuuiimm

1062 746 1390 790 convenientibusque
1401 748 1529 791 insuper
1538 750 1632 782 etiam
1644 751 1802 794 episcopis

1063 798 1102 831 ab
1128 799 1336 833 orientalibus
1350 801 1520 844 provinciis
1540 802 1700 844 omnibus,
1732 804 1802 847 qui·
1831 813 1999 844 >itaut-uincan-

1063 852 1153 892 dam,
1180 854 1235 897 qui
1260 854 1298 887 de
1323 855 1462 888 veritatis
1485 855 1534 888 via
1565 856 1798 895 exorbitarunt,
1816 841 2001 892 §.¹3¹⁰.¹f‚¹.155?.¹51{3‘;‘31

1063 906 1256 941 salutaribus
1280 908 1501 942 curationibus
1526 909 1556 942 in
1574 909 1733 953 integrum
1751 922 1802 944 re·
1817 894 1931 914 deun'ju'n'

1065 966 1229 1001 vocentur⁷
1256 967 1286 994 et
1310 962 1354 1001 hi,
1380 973 1519 1006 quorum
1544 969 1589 997 cst
1615 974 1709 997 causa
1734 976 1804 1008 gra-

1065 1014 1145 1055 vior,
1162 1016 1208 1048 vel
1226 1015 1366 1049 consiliis
1383 1016 1600 1059 acquiescant,
1616 1018 1663 1051 vel
1684 1017 1723 1050 ab
1741 1029 1804 1051 una

1065 1068 1205 1101 Ecclesia
1223 1069 1468 1110 exscindantur;
1483 1071 1524 1103 ira
1542 1076 1577 1104 ut
1590 1072 1805 1105 necessarium

1066 1123 1104 1155 sit
1130 1127 1159 1155 et
1184 1122 1295 1156 eadem
1321 1133 1457 1165 servare,
1478 1135 1563 1173 §1¹¹3ss
1579 1124 1736 1158 Nicaenus
1756 1136 1806 1158 ca-

1067 1185 1130 1208 non
1155 1181 1185 1208 et
1210 1186 1292 1219 quae
1317 1177 1503 1211 constitutio
1529 1178 1623 1211 totius
1640 1178 1728 1211 orbis
1741 1178 1805 1222 epi-

1067 1240 1236 1273 scoporum
1258 1231 1411 1275 praecipit
1431 1231 1608 1265 secundum
1631 1232 1807 1266 catholicae

1068 1284 1226 1317 Ecclesiae
1266 1285 1530 1319 consuetudinem
1562 1292 1593 1319 et
1624 1292 1807 1320 nostrorum

1068 1337 1195 1369 Patrum
1222 1336 1352 1370 liberam
1380 1337 1486 1379 tidem,
1515 1349 1572 1382 per
1595 1350 1690 1383 quam
1716 1350 1807 1373 sere-
1822 1344 2006 1393 ,‹..,¹.‚¹I‘.F;'l.il¹.l1¹.1⁰5ff

1069 1390 1150 1422 nitas
1175 1396 1277 1423 vestra
1295 1390 1464 1424 stabilitur.
1482 1392 1535 1431 Iis,
1558 1393 1611 1436 qui
1634 1393 1805 1426 Ecclesiam
2002 1387 2006 1391 ⁴

1069 1443 1220 1483 laedunt,
1248 1444 1404 1486 expulsis,
1432 1446 1605 1488 vestrisque
1634 1446 1806 1489 provinciis

1069 1495 1246 1539 iure,quod
1273 1497 1390 1529 iustum
1413 1503 1469 1537 cst,
1486 1498 1690 1541 potientibus,
1711 1505 1805 1543 atque
1848 1532 1851 1533 γ
1873 1503 2007 1542 ,Ecfflssiam

1068 1549 1206 1581 viudirta
1226 1550 1378 1583 adversus
1395 1552 1571 1584 haereticos
1584 1553 1732 1592 exercita,
1750 1564 1803 1586 ve·
1821 1534 2007 1597 rgssrgffiffissssiiffig

1069 1608 1170 1635 strum
1196 1603 1290 1636 etiam
1324 1603 1493 1648 imperium
1533 1605 1647 1638 Christi
1681 1605 1807 1639 dextera
1823 1590 2005 1631 ffilffief-Qmm

1070 1655 1269 1690 detendetur.

1248 1820 1436 1854 EPISTOLA
1457 1821 1564 1855 XXVII
1580 1832 1597 1855 n
1610 1822 1629 1855 ¹.

1090 1900 1309 1929 Gloriosissimo
1325 1904 1356 1929 et
1371 1902 1614 1930 clementissimo
1627 1903 1792 1932 Theodosio

1253 1946 1387 1981 Augusto
1403 1947 1460 1974 Leo
1476 1948 1648 1982 episcopus.

1116 2025 1188 2060 Car.
1217 2026 1240 2059 Ι.
1264 2026 1346 2061 Olim
1370 2032 1400 2060 et
1424 2028 1463 2061 ab
1486 2027 1577 2061 initio
1602 2028 1635 2061 in
1668 2029 1811 2063 conciliis

1072 2081 1241 2114 celebratis
1258 2087 1378 2115 tantam
1395 2093 1452 2115 nos
1472 2082 1672 2126 percepimus
1693 2082 1811 2117 abeato

1073 2135 1163 2168 Petro
1188 2137 1406 2179 apostolorum
1425 2136 1569 2180 principe
1590 2136 1752 2177 fiduciam,
1777 2143 1811 2170 ut

1072 2190 1292 2222 auctoritatem
1319 2189 1494 2222 habeamus
1515 2189 1727 2222 adveritatcm
1753 2200 1810 2232 pro

1073 2249 1180 2276 nostra
1194 2254 1270 2286 pace
1285 2242 1534 2275 defendendam:
1558 2249 1713 2287 quatenus
1729 2243 1807 2275 nulli

1074 2297 1164 2331 liceat
1188 2297 1231 2329 sic
1257 2307 1327 2330 eam
1348 2296 1528 2329 munitam²
1543 2296 1573 2329 in
1599 2297 1706 2340 aliquo
1725 2307 1812 2329 com-

1074 2361 1213 2391 movere,
1234 2350 1310 2383 dum
1330 2356 1457 2394 repente
1475 2349 1572 2383 laesio
1594 2355 1775 2383 removetur
1792 2350 1811 2381 ⁵.

1074 2404 1174 2447 Igitur
1191 2403 1264 2446 quia
1286 2403 1455 2436 concilium
1474 2403 1710 2446 cpiscoporum,
1728 2401 1812 2444 quod

1107 2482 1122 2508 2
1139 2492 1149 2507 α
1167 2482 1220 2508 Alii
1240 2481 1331 2516 legunt
1346 2482 1487 2509 mirtulam
1510 2490 1536 2513 »3
1554 2485 1580 2506 at
1598 2479 1702 2507 Contin.
1723 2479 1812 2506 Const.

1075 2526 1102 2553 in
1117 2534 1183 2553 mss.
1206 2526 1263 2552 Vat.
1285 2526 1343 2553 iure
1360 2525 1457 2560 corrig.
1479 2525 1631 2552 munitam.

1110 2580 1126 2607 3
1147 2590 1159 2604 κ
1174 2579 1213 2607 ΑΙ.
1231 2583 1431 2611 moveretur=;
1452 2578 1556 2605 Contin.
1577 2577 1667 2604 Const.
1688 2577 1705 2603 Ι.
1723 2585 1746 2602 c.
1768 2585 1813 2603 re-

1076 2628 1244 2652 moveretur.
