2244 3183
309 241 430 267 eupateo,
446 243 467 262 ut
483 229 662 273 piissimum
688 230 870 274 Principem
891 231 1011 264 crebris
1049 232 1225 275 suggestio-

282 270 467 324 {llllff‘t'ffl'lsssslssl
483 283 577 315 nibus
598 293 816 323 commonere,
839 289 884 325 ut,
900 284 1058 318 adiunctis
1078 285 1225 318 affatibus

281 323 467 373 }‡{?⁵¹3001Z‘1'1⁰,'³'X1
483 336 559 376 suis,
577 337 616 370 ad
634 336 834 378 singularum
860 337 1100 380 provinciarum
1122 349 1226 372 sacer-

282 375 467 433 ffljfflffssg'ssmssfssg
484 391 575 423 dotes
609 390 727 423 deferri
754 391 950 433 apostolicae
986 391 1077 425 Sedis
1109 393 1226 437 scripta

283 435 389 477 iept'ssfiipffi
409 436 467 450 '⁰⁰⁰'
483 443 675 487 praecipiat3
691 454 730 476 ne
748 443 883 477 ulterius
897 444 1066 489 quisquam
1085 445 1226 479 veritatis

483 496 632 530 inimicus
646 497 685 530 de
699 497 826 530 silentio
841 508 913 531 meo
927 508 960 531 se
974 509 1125 532 excusare
1134 511 1226 543 prae-

482 555 597 583 sumat.

527 604 598 637 CAP.
624 605 658 637 ΙΙ.
689 605 732 638 De
760 604 866 638 edicto
891 611 998 638 autem
1028 606 1225 640 christianis-

483 657 556 690 simi
576 658 794 701 imperatoris,
811 669 875 703 quo
896 658 1045 702 imperita
1070 670 1225 703 quorum-

484 712 557 744 dam
585 712 818 746 monachorum
845 713 968 746 insania
989 713 1066 757 quid
1088 725 1226 747 merere-

485 770 536 798 tur
555 766 706 806 ostendit,
728 772 758 799 et
775 767 814 800 de
835 767 1044 810 responsione
1064 767 1226 811 piissimae

284 180 334 206 An.
356 180 386 207 C.
402 180 453 208 453

350 669 468 694 Singularis

283 701 400 721 principum
420 701 467 721 pro-

284 723 376 742 videntia
397 728 468 742 mona-

283 750 369 769 rhorum
403 749 467 769 auda-

283 779 466 802 stautcompssmil.

483 819 656 861 Augustae,
680 831 742 863 qua
768 820 1037 854 monasteriorum
1063 822 1244 868 praesulesy'

483 872 671 915 increpavit,
688 873 824 906 multum
842 884 892 906 me
904 875 1044 915 ‘gaudere
1065 874 1222 916 significo,
1242 869 1244 877 ⁴

483 935 548 959 non
574 926 728 968 ignorans
749 927 835 960 hunc
861 927 936 970 ipsis
968 928 1125 961 servorem
1151 928 1225 961 lidei

485 979 592 1012 divina
612 979 823 1023 inspiratione
835 981 986 1021 conferri,
1007 986 1041 1013 ut
1058 980 1224 1015 omnibus*
1242 1002 1244 1021 2

484 1033 705 1066 excellentiam
742 1034 886 1077 ipsorum
912 1044 977 1067 non
1003 1035 1106 1068 solum
1146 1035 1224 1077 regii

484 1086 646 1126 culminis,
674 1087 730 1120 sed
751 1086 845 1119 etiam
861 1088 1069 1121 sacerdotalis
1090 1098 1158 1121 esse
1172 1099 1226 1132 ap-

485 1146 597 1183 pareat
622 1140 810 1180 sanctitatis,
832 1142 917 1184 apud
943 1152 1034 1184 quos,
1055 1148 1089 1175 ut
1106 1143 1222 1175 frater-

484 1193 576 1226 nitati
602 1199 674 1226 tuae
699 1194 889 1226 familiarior
920 1200 1001 1228 esset
1036 1195 1164 1235 fiducia,
1196 1201 1226 1228 et

483 1257 569 1279 nunc
599 1253 629 1280 et
657 1252 750 1280 antea
778 1248 954 1291 postulavi,
989 1248 1155 1282 confidens
1186 1250 1224 1283 de

483 1309 595 1332 eorum
608 1300 842 1341 benevolentia,
854 1301 939 1344 quod
951 1302 1140 1335 necessariis
1153 1313 1225 1345 sug-

483 1354 683 1397 gestionibus
714 1365 777 1388 non
807 1355 977 1389 difficulter
1007 1356 1225 1399 dignabuntur

483 1418 636 1440 annuere.

527 1462 598 1495 CM).
614 1463 662 1496 III.
685 1463 721 1495 Et
741 1463 816 1506 quia
829 1463 981 1497 secretius
994 1464 1071 1497 milii
1085 1465 1225 1498 clemen-

484 1515 624 1548 tissimus
650 1515 825 1560 imperator
855 1528 914 1560 per
950 1517 1052 1550 filium
1077 1524 1222 1551 nostrum

483 1569 617 1602 Paulum
638 1570 792 1603 mandare
821 1571 968 1612 dignatus
989 1577 1034 1604 est
1055 1571 1093 1604 de
1114 1573 1224 1605 admo-

482 1622 587 1655 nenda
607 1622 673 1655 filia
687 1629 795 1656 nostra
815 1624 1063 1658 clementissima
1082 1627 1223 1667 Augusta

482 1675 654 1713 Eudocia²3
671 1677 729 1710 feci
742 1678 829 1721 quod
843 1678 953 1719 voluit,
970 1684 1004 1712 ut
1018 1679 1132 1712 litteris
1144 1680 1223 1713 meis

482 1739 578 1772 quam
600 1730 800 1763 fructuosum
815 1731 875 1774 ipsi
895 1732 986 1772 soret,
1002 1732 1027 1765 si
1045 1732 1222 1766 catholicae

483 1782 559 1815 fidei
584 1784 717 1824 faveret,
737 1790 936 1826 agnosceret,
960 1790 991 1818 et
1010 1791 1045 1818 ut
1076 1787 1219 1819 clemen-

484 1836 596 1869 tissimi
617 1836 774 1881 Principis
789 1838 846 1870 tilii
859 1838 907 1870 sui
922 1838 1034 1871 litteris
1051 1849 1149 1883 super
1162 1840 1221 1873 hoc

481 1890 720 1932 admoneretur,
749 1890 887 1924 obtinui:
909 1902 974 1925 non
992 1893 1158 1936 ambigens
1176 1894 1221 1938 ip-

480 1953 547 1976 sam
573 1954 702 1987 quoque
715 1943 769 1988 pio
794 1944 900 1978 studio
923 1945 1171 1988 elaboraturam,
1190 1953 1223 1980 ut

481 2003 628 2031 auctores
641 1997 835 2031 seditionum
846 1999 1047 2043 propositum
1063 2011 1138 2033 suae
1148 2011 1222 2044 pro-

480 2050 626 2083 fessionis
651 2057 838 2093 agnoscant,
862 2058 893 2084 et
912 2052 936 2085 si
954 2063 1018 2085 non
1038 2053 1221 2095 intelligunt

481 2104 665 2137 docentium
697 2098 985 2149 praedicationem,
1014 2107 1124 2140 saltem
1153 2107 1220 2140 vin-

480 2156 655 2190 dicantium
676 2157 811 2191 timeant
834 2164 1037 2202 potestatem.
1054 2160 1221 2200 Quemita-

480 2221 542 2255 que
551 2212 730 2255 profectum
749 2212 828 2245 llaec
841 2218 951 2246 nostra
972 2224 1048 2246 cura
1069 2214 1221 2255 obtineat,

479 2265 625 2308 protinus
650 2265 764 2299 litteris
785 2266 965 2308 dilectionis
988 2272 1058 2300 [tiae
1079 2273 1154 2311 opto
1169 2279 1221 2301 co-

479 2328 645 2360 gnoscere,
674 2324 705 2352 et
726 2324 832 2352 utrum
860 2320 988 2353 tandem
1015 2321 1143 2355 rebellis
1160 2321 1220 2354 im-

480 2371 595 2415 peritia
626 2372 851 2416 conquiescat;
880 2383 962 2417 quae
993 2374 1020 2407 si
1045 2374 1084 2408 de
1112 2381 1220 2408 nostra

310 1523 397 1544 Secreto
413 1524 466 1544 Mar·

283 1556 339 1570 ciani
348 1550 466 1577 obsequens

284 1577 383 1597 mandato
391 1577 417 1597 snt
426 1577 467 1597 Eu-

283 1603 365 1624 dociam
385 1604 465 1625 scribit.

307 2215 372 2235 Huius
387 2215 464 2241 episto-

280 2242 312 2263 lae
335 2242 431 2263 effectum
453 2249 463 2263 e

279 2270 361 2290 Iuliano
387 2275 463 2295 cogno·

278 2296 461 2317 sceiedesmerat.

513 2473 526 2499 1
553 2483 566 2497 α
581 2472 644 2500 Cod.
662 2474 766 2509 Ratisp.
788 2483 938 2503 omnem».
955 2475 1054 2503 Baller.
1073 2475 1122 2504 col.
1142 2475 1218 2505 1208.

477 2511 636 2548 Pei-peram,
652 2517 681 2540 ut
695 2515 800 2549 opinor.

513 2552 529 2579 2
548 2553 666 2580 Caeciar.
683 2554 701 2581 l.
719 2563 742 2581 c.
761 2562 823 2582 cum
838 2555 873 2582 al.
890 2556 1036 2583 Eudoxio.

513 2593 528 2621 3
545 2593 660 2622 Cacciar.
678 2603 738 2631 pag.
755 2596 806 2623 348
822 2604 881 2623 cum
903 2596 937 2623 at.
959 2596 1140 2626 solidationis
1160 2605 1220 2633 per-

1009 184 1171 209 APPENDIX
1187 185 1340 210 BULLARII
1359 186 1481 211 ROMAM

2034 188 2084 216 An.
2105 189 2134 217 C.
2149 186 2235 228 4535*-

1257 239 1349 278 putat
1373 234 1604 277 ambigendum
1625 245 1694 268 esse
1715 235 1874 277 doctrina,
1889 237 2001 270 saltem

1258 287 1370 321 beatae
1391 288 1569 321 memoriae
1586 287 1761 328 Athanasii,
1784 288 1952 333 Theophili
1973 295 2004 322 et
2217 323 2227 330 q

1259 340 1365 385 Cyrilli
1401 340 1610 374 Alexandriae
1644 342 1847 375 sacerdotum
1884 343 2001 387 scripta
2029 355 2199 390 mammaea:
2224 378 2230 389 5

1259 403 1323 426 non
1349 399 1478 427 renuat:
1508 404 1581 426 cum
1607 393 1725 437 quibus
1763 394 1806 428 ita
1830 395 1905 429 fidei
1937 406 1997 429 no·
2016 383 2231 445 ἓὲἷᾎιεῗειξζᾞξξ

1259 453 1342 480 strae
1356 448 1457 480 forma
1471 448 1657 487 concordat,
1674 453 1709 481 ut
1722 447 1754 480 in
1765 448 1854 481 nullo
1874 459 1892 481 a
1908 449 2002 483 nobis
2016 436 2133 483 ⁰¹⁰⁰²⁰ffi¹¹³
2214 454 2233 507 g,

1260 500 1431 544 discrepet,
1441 501 1495 544 qui
1508 511 1540 533 se
1552 501 1614 534 illis
1625 501 1807 535 consentire
1817 502 1997 546 profitetur.
2212 510 2232 548 ξ,

1303 553 1375 587 CAP.
1393 553 1443 587 IV.
1468 554 1548 587 Filio
1573 561 1683 588 nostro
1703 555 1794 588 Aetio
1814 556 2001 601 presbytero
2055 571 2110 601 Aeta
2131 571 2200 594 καί.»
2216 549 2238 594 ’J

1260 606 1291 639 in
1317 617 1374 639 suo
1396 617 1545 640 moerore
1570 607 1802 651 compatimur:
1824 613 1854 642 et
1878 619 1950 642 curn
1969 609 2002 642 in
2015 599 2202 650 222223'353311223
2216 598 2241 656 ξ)

1261 661 1367 693 locum
1393 660 1490 694 officii
1516 660 1596 701 eius,
1625 661 1649 694 is
1674 661 1769 694 suerit
1794 662 1922 704 ascitus,
1947 662 2001 706 qui
2214 652 2244 716 {a

1262 713 1488 756 reprobatione
1503 714 1617 756 dignus
1637 716 1740 748 suerat
1753 715 1922 756 iudicatus,
1937 726 2001 749 non
2216 717 2236 742 'f

1261 772 1305 799 est
1327 767 1460 799 dubium
1476 767 1557 800 lianc
1575 768 1863 802 commutationem
1889 769 1929 803 ad
1949 780 2002 803 ca·
2218 745 2244 847 ἓ

1262 821 1615 854 tholicoruminiuriam
1624 821 1796 865 pertinere.
1810 823 1871 857 Sed
1879 823 2002 867 patien-
2220 831 2222 834 '
2241 825 2244 826 ⁷

1262 880 1308 907 ter
1322 874 1448 908 interim
1474 875 1533 908 ista
1554 875 1731 908 tolleranda
1744 882 1829 917 sunt,
1853 887 1893 910 ne
1911 888 2001 912 men-
2218 908 2221 910 .
2241 922 2244 927 1

1260 939 1367 961 suram
1405 928 1657 963 moderationiss
1692 930 1803 963 solitae
1835 931 2003 966 videamur
2216 936 2218 938 '

1260 982 1431 1015 excedere:
1457 993 1530 1016 cum
1552 983 1651 1027 possit
1671 993 1731 1027 pro
1754 989 1898 1028 tempore
1927 985 2002 1019 satis
2237 1009 2244 1016 -

1260 1045 1327 1068 esse
1352 1036 1528 1079 praedicto,
1563 1037 1650 1080 quod
1676 1037 2001 1072 clementissimorum
2216 1074 2240 1090 Ὗ

1260 1088 1443 1133 Principum
1468 1090 1575 1123 favore
1593 1090 1748 1131 munitur,
1777 1091 1894 1135 quibus
1926 1102 2000 1126 eum
2230 1095 2237 1107 ⁷

1242 1141 1404 1185 :proxime
1429 1142 1541 1176 litteris
1579 1143 1659 1177 meis
1683 1144 1725 1176 ita
1758 1145 1997 1186 commendavi,

1260 1200 1295 1227 ut
1318 1196 1405 1239 apud
1425 1196 1682 1238 religiosissimas
1721 1203 1845 1231 mentes
1864 1198 2000 1241 gratiam

1259 1248 1358 1292 ipsius
1379 1250 1559 1292 augendam
1579 1261 1646 1284 esse
1666 1261 1731 1284 non
1757 1251 1913 1286 dubitem.

1303 1304 1374 1338 CAP.
1404 1304 1437 1338 V.
1461 1305 1544 1338 Illud
1558 1305 1652 1338 etiam
1677 1316 1770 1340 nosse
1788 1311 1818 1340 te
1837 1307 1997 1349 volumus,
2015 1315 2201 1364 „attssffl‘lllnss‘ssi
2213 1323 2222 1327 ⁷·
2240 1327 2241 1342 1

1258 1358 1441 1391 Anatolium
1464 1358 1649 1403 episcopum
1675 1365 1748 1403 post
1768 1360 1998 1395 coercitionem
2014 1349 2200 1417 ggjistfgii'ffieggi·
2231 1398 2234 1402 ,

1259 1417 1402 1444 nostram
1445 1412 1477 1444 in
1511 1423 1587 1446 suae
1612 1414 1884 1457 praesumptionis
1919 1415 2000 1448 adeo
2193 1412 2197 1417 “

1261 1464 1439 1498 temeritate
1460 1466 1641 1509 persistere,
1669 1467 1913 1511 utlllyricianos
1933 1467 2001 1511 epi-

1258 1527 1383 1561 scopos,
1411 1524 1445 1551 ut
1465 1519 1524 1552 sibi
1537 1519 1786 1559 subscriberent,
1801 1520 1997 1560 convenirct;

1259 1572 1343 1613 quod
1366 1571 1459 1603 nobis
1484 1571 1664 1615 episeopus,
1682 1572 1736 1615 qui
1754 1583 1771 1605 a
1792 1572 1996 1606 Thessaloni-

1259 1623 1367 1656 censi⁴
1399 1624 1613 1658 ordinationis
1638 1625 1775 1659 nuncius
1799 1625 1914 1659 missus
1940 1632 1996 1668 est,

1259 1677 1426 1710 intimavit.
1462 1678 1515 1712 Cui
1540 1678 1613 1711 ideo
1646 1679 1786 1713 scribere
1817 1680 1996 1723 noluimus,

1258 1731 1403 1774 quamvis
1436 1731 1502 1774 ipse
1527 1731 1588 1764 hoc
1612 1737 1738 1775 peteres
1770 1733 1888 1767 debere
1913 1733 1994 1775 fieri,

1258 1784 1333 1827 quia
1350 1795 1422 1818 eum
1437 1785 1554 1827 corrigi
1568 1786 1653 1818 nolle
1665 1786 1894 1830 perspeximus.
1915 1788 1998 1822 Duas
2048 1794 2064 1816 Ε
2081 1794 2158 1843 ῑδῑοὲὸθ
2170 1795 2200 1843 35¹
2220 1788 2241 1830 5]

1257 1849 1274 1871 a
1294 1839 1362 1882 pari
1382 1839 1421 1872 ad
1435 1840 1592 1883 synodum
1618 1839 1768 1883 epistolas
1786 1840 1860 1874 feci:
1884 1852 1994 1883 unam,
2012 1827 2200 1875 {ffigaussessh'l
2216 1843 2219 1856 ²

1257 1892 1307 1925 cui
1333 1893 1528 1936 exemplaria
1549 1893 1703 1937 epistolae
1727 1904 1818 1927 meae
1843 1895 1882 1928 ad
1906 1896 1994 1929 Ana·
2012 1875 2199 1932 iiffnti'tifflnii'i:
2224 1935 2227 1938 .

1259 1945 1368 1978 [olium
1389 1945 1575 1989 episcopum
1597 1947 1689 1979 datae
1713 1947 1806 1980 subdi
1830 1947 1900 1988 feci,
1917 1948 1996 1982 alte·
2013 1930 2044 1949 m*

1256 2009 1336 2036 ram,
1356 2009 1438 2042 quae
1453 1999 1647 2042 exemplaria
1667 2000 1794 2034 subdita
1812 2011 1877 2034 non
1897 2001 1996 2035 hahe-

1256 2057 1324 2087 ret:
1354 2058 1409 2085 tuo
1438 2052 1626 2096 permittens
1650 2054 1805 2095 arbitrio,
1834 2060 1868 2088 ut
1898 2065 1995 2100 quam
2038 2060 2197 2092 E¹‚hi³⁴³u⁰d-

1256 2105 1394 2138 dandam
1416 2116 1483 2139 esse
1504 2106 1754 2141 clementissimo
1774 2107 1915 2152 Principi
1936 2090 2198 2142 du-i¹r2¹t¹ie1¹1¹t¹it¹issf²ti'{!
2225 2109 2237 2139 ἶ·-

1256 2159 1348 2197 xeris.
1382 2159 1463 2192 hanc
1491 2160 1606 2201 tradas,
1649 2161 1749 2194 attera
1773 2161 1859 2205 apud
1884 2166 1914 2195 te
1939 2141 2235 2195 1'e—i¹e³¹'i¹r'·ci³1ii¹tslm¹³⁰'

1257 2217 1351 2245 tenta.

1299 2266 1366 2300 Dat.
1389 2267 1582 2301 duodecimo
1603 2267 1756 2302 kalendas
1775 2267 1903 2313 Aprilis,
1923 2268 1997 2313 Opi-

1256 2319 1341 2353 lione
1367 2320 1433 2354 viro
1455 2320 1632 2354 clarissimo
1658 2321 1799 2355 consule.

1291 2381 1346 2409 Dat.
1365 2382 1408 2410 die
1428 2383 1457 2410 21
1475 2383 1576 2418 Martii,
1597 2392 1640 2411 an.
1658 2384 1719 2412 453.

1255 2484 1346 2513 peram
1366 2477 1490 2513 inquiunt
1514 2478 1642 2506 Ballerin.
1667 2479 1724 2506 loco
1750 2478 1832 2506 citato
1848 2478 1899 2506 col.
1917 2477 1996 2506 1210.

1289 2517 1306 2543 4
1322 2517 1389 2544 Hine
1414 2518 1555 2545 Euxithaei
1570 2518 1821 2546 Thessalonicensis
1835 2518 1956 2554 episcopi
1970 2518 1997 2546 in

1254 2557 1385 2584 Anastasii
1401 2558 1488 2585 locum
1503 2558 1638 2594 surrogati
1656 2563 1760 2594 tempus
1774 2558 1948 2587 ordinationis
1958 2558 1996 2586 fa·

1254 2597 1304 2625 cile
1320 2597 1496 2633 dignoscitur.
1514 2598 1543 2626 V.
1560 2598 1687 2626 Batterin.
1704 2599 1723 2625 l.
1740 2606 1763 2626 c.
