2244 3183
90 213 141 240 An.
161 212 189 239 C.
205 211 257 239 494

101 302 104 305 ι
122 275 146 305 [ξι
161 275 214 295 haec
229 274 274 303 fini-

91 305 145 322 timu
160 306 273 321 commuui-

92 331 145 349 cent.

130 699 171 720 Cur
186 699 275 719 Thessa-

91 726 191 747 lonicensi
207 726 272 751 episc.

92 753 114 773 S.
131 754 168 779 Ap.
182 758 274 772 cominu-

91 781 125 801 uio
135 779 246 804 denegata.

103 1554 151 1574 Cum
162 1555 275 1579 ipsocaute

92 1580 196 1606 agendum
206 1597 210 1602 ,

146 1980 171 2001 Et
194 1981 211 2001 si
226 1981 276 2007 quid

95 2009 175 2028 nomer
194 2008 277 2028 accidat

96 2033 276 2055 S.A.dt›nunnan-

96 2060 150 2082 dum.

894 209 920 233 S.
941 207 1094 233 GELASIUS
1118 208 1128 233 1
1153 209 1198 232 Pr.

289 259 408 292 vincias
421 258 500 291 haec
514 258 625 292 eadem
646 257 825 302 patefacere
838 262 942 290 vestra
956 257 1029 290 cha-

288 312 366 345 ritas
389 311 558 354 vigilanter
578 311 720 350 insistat·,
740 316 773 343 ut
795 316 825 343 et.
845 310 900 354 qui
921 310 1030 343 catho-

289 366 368 399 licae
382 365 620 399 communionis
638 364 820 398 sinceritate
838 363 1026 403 subsistunt,
1046 396 1047 400 ,

289 419 546 464 competentibus
577 419 773 452 roborentur
805 417 971 461 alloquiis,
1000 423 1028 450 ct

289 473 344 517 qui
369 473 502 506 forsitan
524 473 563 506 ah
584 473 681 505 huius
702 471 896 505 rectitudine
917 471 1026 504 devia-

288 532 374 568 runt,
398 527 438 560 ad
456 526 671 570 integritatem
692 525 850 568 dogmatis
865 524 1029 559 christiani

288 580 472 614 salubribus
491 580 621 613 monitis
647 580 854 613 reducantur.

333 634 461 668 Noverit
474 639 582 668 autem
596 639 700 667 vestra
710 633 910 673 fraternitas,
928 633 1030 666 eccle-

289 688 354 721 siae
385 688 678 722 Thessalonicensis
710 687 883 720 antistitem
914 686 1031 720 nostris

289 741 570 775 adhortationibus
594 742 723 786 saepius
755 741 922 774 incitatum
956 750 1032 774 con-

290 795 374 837 tagia
405 795 644 829 communionis
676 801 825 828 externae
853 804 1031 838 numquam

289 849 452 882 declinare
471 849 621 889 voluisse,
645 859 704 882 nec
725 849 810 892 apud
833 859 891 881 nos
912 857 1031 881 nomen

289 902 394 936 Aeacii
415 904 462 936 vel
483 909 686 936 caeterorum
708 902 861 936 similium
884 901 1028 945 perfido-

290 967 373 997 rum,
401 956 515 1001 hisque
545 956 856 990 communicantium
889 965 1032 998 congrua

288 1010 488 1054 professione
521 1010 700 1044 damnasse.
731 1010 933 1054 Quapropter
958 1020 1030 1042 eum

289 1063 550 1097 communionem
565 1063 654 1097 Sedis
672 1063 876 1108 Apostolicae
896 1073 960 1096 non
976 1074 1029 1096 re-

289 1117 410 1161 cepisse
440 1117 644 1150 manifestum
682 1122 730 1150 est
744 1144 751 1158 ,
786 1117 940 1161 quoniam
971 1117 1031 1150 nisi

289 1170 378 1214 puris
398 1171 544 1204 sensibus
563 1176 594 1203 et
613 1170 652 1203 ab
673 1170 762 1204 omni
780 1171 918 1204 nefanda
932 1170 1033 1204 socie-

292 1229 369 1264 tate,
390 1224 474 1257 beati
501 1223 584 1257 Petri
607 1224 743 1268 apostoli
768 1235 826 1257 nec
847 1235 1029 1268 possumuS,

291 1287 350 1310 nec
364 1277 520 1311 debemus
532 1277 685 1311 eeclesiae
696 1277 853 1321 praehere
866 1288 1030 1311 commer-

292 1332 351 1364 cia.
376 1332 550 1376 Propterea
572 1331 695 1365 cautius
715 1332 877 1374 agendum
899 1338 945 1365 est
959 1343 1031 1366 cum

291 1385 446 1428 praefato,
463 1395 503 1418 ne
523 1385 690 1419 catholicis
712 1386 874 1418 mentibus
899 1391 934 1418 ut
957 1385 1032 1418 fiat'

292 1438 496 1482 Apostolicae
517 1439 607 1472 Sedis
632 1438 895 1472 reconciliatione
916 1439 1031 1472 subre-

291 1498 360 1536 pat;
384 1502 481 1536 quam
503 1492 584 1525 sicut
604 1492 724 1525 dolosis
741 1492 864 1525 artibus
878 1493 987 1526 fallere
1005 1499 1035 1526 et

292 1545 524 1578 circumvenire
538 1556 602 1578 non
612 1546 785 1590 praevalet,
800 1545 853 1586 ita,
870 1546 929 1579 sub
944 1546 1034 1579 cuius

291 1610 355 1632 non
368 1605 472 1643 potest
486 1600 645 1639 obtinere,
663 1600 888 1633 auctoritatem
904 1610 1034 1644 quoque

292 1659 453 1693 nostram,
478 1664 560 1697 quae
586 1654 625 1686 ad
651 1653 882 1686 Dalmatiarum
909 1659 956 1687 est
980 1654 1031 1687 di-

293 1713 378 1740 recta
398 1707 586 1751 pontifices,
618 1707 713 1740 etiam
736 1708 775 1740 ad
797 1718 851 1741 vos
871 1707 1034 1741 credimus

291 1760 509 1802 dirigendum,
533 1767 691 1804 quatenus
716 1761 747 1793 in
769 1761 902 1794 veritate
923 1761 1034 1794 catho-

293 1813 363 1854 lica,
387 1814 562 1847 secundam
585 1815 721 1847 sormam
745 1814 928 1848 traditionis
953 1815 1035 1848 anti-

292 1877 385 1910 quae,
403 1874 512 1901 tenere
525 1878 583 1900 nos
597 1878 772 1901 consonam
787 1868 939 1901 noveritis
956 1868 1031 1901 ubi—

292 1931 354 1964 que
375 1921 579 1954 sententiam.
608 1921 639 1955 Si
660 1931 741 1965 quos
766 1931 840 1954 vero
860 1932 959 1954 novos
981 1921 1031 1955 di-

293 1974 433 2008 diceritis
455 1981 560 2007 motus
585 1985 751 2017 exurgere,
778 1974 872 2008 nobis
897 1976 1034 2008 fraterna

295 2028 417 2061 dehetis
441 2029 657 2062 sollicitudine
681 2039 841 2070 reserare,
870 2039 934 2073 quo
958 2030 1034 2063 sub-

295 2083 387 2124 inde,
412 2095 494 2127 quae
526 2084 656 2117 Patrmn
686 2084 806 2127 regulis
834 2090 1034 2128 congruant,

294 2144 475 2180 praestante
489 2137 637 2178 Domino,
650 2137 793 2171 remedia
806 2148 1030 2181 procuremus.

337 2191 400 2224 Nec
421 2191 590 2235 quisquam
605 2191 616 2208 ²
635 2192 767 2224 omnino
788 2192 878 2225 vobis
897 2202 1032 2236 persua-

294 2244 378 2283 deat,
395 2245 510 2277 Acacio
524 2244 808 2288 praevaricationis
821 2256 897 2278 suae
911 2245 1033 2279 crimen

293 2297 388 2331 fuisse
406 2298 558 2339 laxatum,
578 2298 652 2342 quia
667 2297 721 2342 qui
736 2303 906 2342 postquam
920 2298 951 2331 in
970 2299 1035 2331 col-

328 2405 340 2431 1
359 2404 405 2432 cit.
417 2405 477 2432 cod.
489 2405 557 2433 5617
575 2405 763 2432 cumuounull.
776 2404 841 2433 edit.
856 2408 886 2434 ut
897 2405 937 2440 fit.
950 2405 1034 2434 Recte

293 2450 413 2485 quidem.

328 2494 345 2521 2
360 2495 435 2521 Grat.
457 2494 558 2522 decret.
574 2495 601 2522 C.
620 2501 691 2528 xxiv,
712 2502 738 2530 q.
754 2494 781 2529 2,
798 2502 822 2521 c.
839 2494 865 2521 4.

328 2540 345 2566 3
360 2540 408 2568 Cit.
427 2540 486 2568 cod.
504 2541 600 2568 melius
615 2540 648 2567 ad
664 2544 732 2567 orat.
750 2542 868 2567 context.
889 2540 994 2568 recidit

329 2585 346 2611 4
360 2584 408 2612 Cit.
425 2585 485 2612 cod.
507 2586 535 2613 in
551 2585 601 2612 hoc
617 2585 732 2620 quidem
751 2585 906 2620 persistens
929 2585 1033 2620 defun—

295 2631 354 2656 ι’[ιω
369 2633 416 2656 est.

1711 198 1772 232 ⁶287

1063 256 1182 299 legium
1201 256 1347 290 recidens
1360 255 1370 272 ⁸
1383 255 1559 300 pravitatis,
1584 255 1717 300 iureque
1737 267 1804 290 me-

1063 310 1125 343 ruit
1148 310 1187 343 ab
1208 309 1383 353 apostolica
1406 309 1635 342 communione
1664 310 1801 349 secludi,

1065 363 1094 395 in
1125 363 1183 396 hac
1215 364 1326 396 eadem
1351 364 1360 380 ⁴
1391 364 1564 407 persistens
1596 364 1804 397 damnatione

1064 417 1234 450 defunctus
1265 424 1320 450 cst.
1349 418 1592 451 Absolutionem
1626 429 1722 462 quam
1750 430 1803 451 su-

1064 476 1185 513 perstes
1206 481 1265 503 nec
1289 471 1443 514 quaesivit
1472 472 1622 511 omnino,
1646 483 1705 505 nec
1732 483 1800 504 me-
1846 486 1935 505 Ararim
1952 492 2005 516 igm-

1065 523 1138 561 ruit,
1163 530 1309 557 mortuus
1331 524 1391 557 iam
1412 535 1476 557 non
1494 531 1597 568 potest
1620 526 1803 569 impetrare,
1820 513 2005 559 i‘ffii‘ilssllss‘li'i'ss

1064 576 1223 620 siquidem
1246 576 1322 620 ipsis
1343 579 1496 621 apostolis
1517 578 1632 611 Christi
1656 590 1730 611 voce
1752 580 1805 612 ‹lc-
1820 567 1872 587 ³⁰¹*
1890 569 1969 592 '‘'‘⁴¹'¹'''

1065 631 1204 672 legatum
1232 637 1296 665 est:
1325 642 1408 675 quae
1427 632 1608 673 quarcre'lis
1631 644 1728 675 super
1746 638 1806 665 {er-

1064 694 1149 725 ram,
1177 688 1204 716 ct
1234 695 1316 728 qnae
1339 684 1499 717 solt-eritis
1526 696 1621 729 super
1648 690 1763 718 terram
1783 687 1802 718 ⁵.

1065 738 1231 771 Caeterum
1259 738 1321 771 iam
1343 739 1381 771 de
1410 749 1447 771 co
1480 738 1533 782 qui
1565 739 1595 771 in
1628 739 1735 771 divino
1761 745 1807 772 est

1066 792 1185 826 iudicio
1199 793 1401 833 constitutus,
1416 793 1510 825 nohis
1525 793 1569 825 sas
1583 803 1646 825 non
1662 799 1707 826 est
1720 793 1807 826 aliud

1066 847 1253 886 decernere,
1278 852 1406 890 praeter
1432 847 1474 885 id,
1500 846 1530 879 iu
1558 857 1622 890 quo
1644 858 1716 880 eum
1739 847 1807 879 dies

1066 910 1236 944 supremus
1257 900 1393 932 invenit:
1426 906 1521 943 atque
1544 900 1615 932 ideo
1646 900 1705 932 nisi
1739 900 1806 932 cius

1066 953 1196 986 nomine
1212 953 1368 993 refutato,
1386 952 1584 996 caeterisque
1605 953 1808 986 consortibus

1067 1007 1161 1040 huius
1182 1007 1313 1045 erroris,
1337 1017 1409 1039 cum
1431 1006 1520 1039 nullo
1541 1017 1674 1049 prorsus
1694 1017 1806 1040 eorum

1066 1060 1260 1105 participare
1293 1060 1415 1093 dehetis
1435 1059 1445 1076 ⁰
1474 1070 1602 1094 mensae
1625 1060 1807 1093 dominicae

1067 1114 1252 1158 puritatem,
1277 1124 1374 1157 quam
1397 1113 1537 1147 maiores
1558 1113 1658 1147 nostri
1679 1125 1808 1157 semper

1066 1168 1105 1201 ah
1120 1167 1283 1201 haeretica
1301 1177 1497 1211 magnopere
1511 1173 1718 1201 serraverunt
1737 1168 1806 1212 pol-

1068 1222 1190 1254 lutione
1211 1221 1394 1254 discretam.
1424 1221 1484 1254 Sed
1507 1232 1610 1265 neque
1636 1232 1690 1254 ros
1715 1222 1804 1265 quis—

1067 1287 1129 1319 que
1151 1276 1383 1309 circumvenire
1402 1281 1580 1319 pertentet:
1610 1276 1697 1319 quod
1724 1276 1806 1309 dicat
1864 1286 1886 1305 ra
1890 1293 1986 1306 ..........
1988 1294 2007 1306 ,η

1068 1339 1131 1362 non
1154 1330 1192 1362 dc
1221 1329 1392 1371 religione,
1421 1329 1475 1362 sed
1505 1330 1544 1361 ‹le
1575 1329 1718 1362 moi-ihus
1740 1340 1807 1362 esse
1822 1314 2008 1387 ffisi'g‘ess‘t'n--i'if'ssssii

1068 1389 1250 1423 certamen,
1279 1384 1326 1416 vel
1359 1383 1576 1427 Apostolicam
1603 1383 1715 1417 Sedem
1743 1395 1806 1417 non
1888 1383 1892 1387 ’

1068 1447 1197 1470 causam
1219 1436 1457 1470 communionis
1471 1437 1648 1470 catholicae
1669 1437 1809 1481 fideique

1070 1495 1231 1527 tractare,
1255 1491 1309 1522 sed
1344 1490 1493 1523 iniuriam
1527 1489 1658 1529 dolere,
1683 1502 1740 1523 cur
1767 1491 1809 1523 vi-

1069 1545 1205 1577 deantur
1225 1545 1233 1561 ⁷
1262 1545 1301 1578 ah
1332 1544 1447 1577 Acacio
1478 1544 1572 1577 fuisse
1602 1550 1807 1588 contempta:

1070 1597 1222 1640 quoniam
1256 1597 1336 1630 haec
1362 1604 1392 1631 et
1424 1598 1629 1637 huiusmodi,
1654 1603 1811 1641 quatenus

1068 1651 1230 1695 simplices
1244 1651 1393 1695 quoque⁸
1407 1651 1580 1695 decipiant,
1599 1651 1628 1683 hi
1644 1651 1698 1695 qui
1715 1651 1744 1683 in
1761 1662 1810 1683 cr-

1070 1716 1142 1738 rore
1163 1711 1233 1738 sunt
1254 1705 1347 1749 positi
1369 1716 1520 1749 spargere
1541 1715 1604 1738 non
1627 1705 1806 1749 quiescunt.

1070 1758 1191 1792 Videtis
1205 1759 1303 1797 enim,
1320 1759 1399 1792 sicut
1416 1770 1514 1803 supra
1529 1759 1590 1791 iam
1613 1759 1733 1792 (lictum
1750 1765 1807 1798 est,

1068 1823 1126 1857 per
1146 1813 1279 1846 nomina
1309 1813 1624 1856 praevaricatorum,
1653 1813 1694 1852 si,
1723 1813 1808 1857 quod

1069 1867 1165 1907 absit,
1190 1867 1221 1900 in
1253 1867 1388 1900 ecclesia
1419 1867 1582 1901 recitanda
1613 1867 1806 1905 credantur,

1069 1921 1163 1954 simul
1189 1927 1220 1954 et
1245 1921 1431 1964 contagium
1457 1921 1742 1965 praevaricationis
1764 1922 1811 1954 in-

1069 1975 1154 2008 duci.
1183 1975 1280 2009 Sedes
1301 1981 1406 2008 autem
1429 1975 1611 2019 Apostolica
1632 1975 1663 2007 in
1685 1981 1808 2008 tantum
1851 1983 1936 2029 Alb-ln·-
1951 1983 2008 2029 εἷσε

1069 2039 1133 2062 non
1155 2029 1384 2062 contumeliam
1406 2029 1513 2069 dolet,
1541 2029 1596 2062 sed
1629 2029 1725 2062 tidem
1755 2015 2009 2061 tle-iiiiuiieiiuomn

1069 2083 1181 2124 fendit,
1198 2082 1462 2116 communionem
1477 2083 1648 2121 sinceram,
1666 2088 1700 2115 ut
1714 2082 1809 2115 hodie

1069 2136 1193 2177 cuncti,
1217 2136 1271 2180 qui
1297 2136 1328 2169 in
1350 2136 1419 2169 eius
1439 2136 1495 2169 visi
1525 2141 1597 2168 sunt
1622 2135 1809 2179 prorupisse

1069 2191 1268 2235 despectum,
1286 2191 1310 2224 si
1326 2191 1365 2224 ad
1379 2190 1594 2233 integritatem
1618 2190 1704 2230 fidei,
1721 2200 1810 2222 com—

1069 2245 1348 2288 munionemque⁹
1374 2244 1564 2277 catholicam
1587 2249 1805 2277 revertantur:

1068 2298 1246 2332 secundum
1268 2298 1452 2341 regularum
1475 2297 1635 2331 tramitem
1661 2303 1809 2341 paterna-

1839 209 1887 237 An.
1908 210 1936 238 C.
1953 213 2004 239 494

1103 2405 1119 2432 5
1133 2404 1225 2432 Matth.
1242 2411 1314 2438 xvni,
1332 2404 1374 2431 18.

1103 2451 1119 2478 6
1128 2449 1178 2476 Cit.
1189 2449 1248 2476 cod.
1259 2449 1399 2477 debebitis.
1412 2450 1569 2485 Perperam,
1580 2454 1608 2476 ut
1619 2449 1733 2476 ridetur.

1104 2494 1117 2521 7
1135 2494 1173 2520 ΑΙ.
1195 2498 1268 2520 recte
1290 2502 1379 2528 quum
1401 2494 1543 2521 rideatur.

1103 2541 1118 2566 8
1134 2538 1184 2564 Cit.
1207 2538 1266 2565 cod.
1289 2538 1368 2571 4961,
1383 2538 1450 2566 5017
1473 2547 1608 2573 quosque.

1102 2584 1118 2610 9
1134 2583 1184 2610 Cit.
1207 2582 1265 2609 cod.
1287 2583 1549 2618 communionisque
1569 2584 1740 2615 catholicae;
1763 2582 1809 2609 sed

1068 2628 1100 2655 ad
1121 2636 1177 2656 rem
1193 2628 1294 2663 inepte,
1317 2629 1344 2654 ut
1361 2626 1475 2654 videtur.
