2244 3183
242 259 291 286 Αιι.
308 258 337 286 C.
355 258 405 286 1283

335 799 370 844 illei
367 804 428 823 ‘'¹1¹‘'

245 832 300 851 mim-u
311 829 347 844 ιιιιΙ
379 831 399 843 (ι

245 859 283 899 tia
285 831 405 903 Χ1Ξιζιιιιιὶιιιι.Π
410 857 431 870 Π

469 247 532 281 240

441 307 562 350 ubique
584 311 742 339 terrarum
765 309 823 344 est,
847 310 1066 347 segregarent,
1087 303 1184 336 hahe-

441 365 510 393 rent
526 357 722 392 sacerdotis¹
743 363 795 391 aut
814 358 881 390 ullo
902 367 994 390 sacro
1016 356 1185 389 ministerii

441 412 573 446 nomine
600 417 819 445 censeremur.
848 411 909 443 Vos
929 409 1062 451 indigne
1084 411 1186 443 seren-

443 472 488 498 tes
513 465 552 498 ab
577 464 801 498 Alexandrinis
826 462 1025 497 seditiones²
1045 463 1187 497 concita-

444 527 500 556 tas,
525 530 590 559 eos,
608 519 662 562 qui
681 524 814 562 propter
834 518 982 551 ordinem
1004 518 1186 551 clericalem

443 572 752 616 simili-deceptione
783 573 987 614 tenebantur,
1016 572 1076 604 nisi
1101 572 1187 604 salu-

390 620 394 624 *
444 626 567 658 taribus
589 622 720 659 monitis
739 626 921 667 ohediient‚
948 626 1000 658 tali
1023 635 1127 669 poena
1142 624 1189 658 di-

444 692 459 705 0
444 691 524 723 nos
550 680 829 713 albitrabamini³'

488 734 518 766 8
548 734 609 766 Vos
636 733 765 766 Petrum
792 733 923 777 speciali
952 739 1100 766 notantes
1124 733 1190 766 elo-

445 788 509 829 gio,
537 788 624 830 quod
651 787 760 819 illicite
785 797 817 819 se
842 787 1075 819 Alexandrinae
1105 786 1186 819 inie—

446 841 541 873 nisset
571 840 746 879 Ecclesiae,¹
777 850 902 880 omnes,
925 840 981 884 qui
1001 846 1064 873 tam
1091 840 1130 873 ab
1152 850 1190 874 eo

446 903 542 937 quam
573 894 737 926 haeretico
763 893 933 927 Timotheo
953 893 1016 926 iam
1038 894 1191 927 defuncto

448 948 574 980 fuerant
594 946 752 986 ordinati,
776 947 800 979 si
822 947 904 980 intra
929 947 1019 980 finita
1046 954 1192 992 tempora

435 1000 688 1043 resipiscerent,
716 1000 755 1032 ad
781 1000 1062 1034 communionem*
1082 1001 1192 1034 catho-

448 1053 498 1084 lici
519 1053 679 1086 Timothei
696 1053 871 1086 mandastis
889 1053 988 1097 recipi
1001 1045 1081 1093 (non
1095 1055 1191 1087 etiam

448 1106 486 1138 ad
503 1107 585 1139 male
606 1106 805 1150 praesumpti
819 1107 938 1148 gradus
958 1107 1125 1150 privilegia
1139 1109 1192 1143 de-

448 1160 621 1193 creveratis
646 1159 798 1202 adniitti);
814 1166 1053 1203 consequenter
1072 1161 1194 1194 adden-

450 1219 505 1253 teS,
531 1219 675 1246 caeteros
700 1213 861 1246 deteriora
891 1213 1067 1254 subituros,
1092 1215 1116 1246 si
1136 1215 1194 1247 eli-

449 1276 524 1307 gere
554 1267 690 1300 meliora
718 1266 906 1299 noluissent.
934 1267 996 1299 Vos
1025 1267 1196 1301 cuiuslibet

448 1325 518 1362 post
546 1320 603 1353 has
619 1319 967 1362 variassatisfactionis
985 1331 1097 1354 causas
1117 1332 1196 1355 cun-

450 1372 508 1405 ctis
532 1373 660 1416 penitus
678 1373 865 1414 abstulistis,
887 1367 1025 1418 quibus'*
1049 1374 1135 1419 ipsos
1155 1376 1195 1409 ab

450 1426 582 1460 unitatis
620 1427 786 1460 consortio
824 1427 1047 1473 discedentes,
1082 1439 1196 1462 recen-

450 1480 678 1514 suististulisse
695 1480 862 1514 iudicium.
875 1481 936 1514 Vos
951 1482 990 1514 de
1010 1481 1111 1525 ipsius
1124 1494 1197 1526 per-

451 1544 530 1566 sona
548 1533 631 1566 Petri
657 1534 835 1577 quidquam
863 1535 971 1568 denuo
997 1535 1198 1569 desricandi⁵

451 1586 587 1630 sapienti
607 1586 866 1623 consideratione
892 1588 1052 1628 tacuistis,
1077 1589 1197 1634 quippe

452 1650 550 1682 quem
573 1640 583 1656 ὓ
613 1640 774 1673 Ecclesiae
799 1647 872 1673 arce
903 1641 1077 1682 deiectum,
1100 1643 1196 1676 simul

451 1694 577 1736 pe1vasi
603 1694 761 1737 pontificii
783 1694 938 1730 ιίᾶειθῑίε
953 1695 1078 1729 honore
1096 1697 1199 1730 nuda-

453 1751 538 1785 tum·,
566 1757 625 1779 nee
654 1747 721 1780 ullo
742 1748 841 1780 modo
862 1747 931 1781 sieri
952 1758 1058 1792 posse,
1082 1755 1118 1783 ut
1128 1761 1198 1787 un-

453 1810 549 1842 quam
570 1800 618 1832 vel
640 1791 827 1833 orthodoxis
845 1801 1062 1846 praesideret,
1079 1802 1200 1852 quiaut

453 1863 471 1885 a
488 1852 585 1886 nullis
607 1859 661 1886 aut
681 1853 720 1886 ab
749 1854 921 1887 haeieticis
940 1843 1046 1888 fueiat
1066 1855 1196 1890 institu-

454 1912 524 1947 tus,
553 1907 602 1939 vel
629 1907 769 1940 recidiva
800 1908 895 1941 toties
919 1909 1099 1943 temeritate
1126 1910 1196 1943 vio-

453 1960 560 1992 lentus
585 1960 667 1993 ovile
695 1960 893 1994 dominicum
915 1961 1070 1996 subdolus
1091 1970 1122 1996 et
1146 1963 1197 1995 in-

454 2012 620 2046 vidiosus⁷
640 2012 785 2047 intraret.

493 2066 523 2098 t).
535 2067 640 2110 Atque
649 2066 817 2111 ideoquod
825 2068 1027 2111 corrigendis
1037 2069 1202 2114 eiusprae-

492 2174 502 2199 1
526 2173 565 2200 Id.
588 2173 648 2201 cod.
670 2174 821 2202 rectissime
836 2175 994 2203 sacerdotis
1009 2176 1200 2213 dionitatem‚

457 2221 508 2246 aut
523 2219 581 2246 ullo
598 2219 677 2245 sacri
691 2219 864 2247 ministerii.

492 2263 508 2288 2
523 2263 572 2289 Cit.
590 2262 670 2290 codd.
686 2263 790 2290 addunt
810 2263 930 2292 iterum.
952 2265 991 2292 Ad
1012 2274 1069 2292 rem
1093 2265 1201 2301 quidem

458 2303 607 2339 aptissime.

493 2348 509 2374 3
524 2348 573 2374 Iid
591 2348 669 2375 codd
686 2349 835 2376 subiiciunt
851 2359 861 2373 «
881 2351 1066 2385 qualemuon
1080 2351 1201 2378 sustine-

459 2395 523 2420 ient
536 2401 587 2419 nec
608 2394 674 2421 ultis
689 2394 862 2422 criminibus
877 2394 1009 2422 involuti
1032 2395 1070 2422 Ad
1085 2399 1200 2423 context.

461 2437 617 2464 concinnius
633 2438 750 2465 videtur.

497 2483 513 2508 Ιι
534 2481 616 2509 llecte
636 2483 696 2509 cod
718 2482 787 2509 1342
808 2492 890 2518 quia.

495 2528 512 2555 5
527 2528 594 2563 Apte
614 2527 650 2554 id.
668 2527 727 2554 cod.
750 2528 964 2562 defricamlum.

495 2573 511 2597 (ἱ
527 2573 565 2599 ld.
586 2573 646 2599 cod.
662 2573 763 2599 rectius
779 2574 813 2599 ab
830 2573 971 2600 Ecclesiae
985 2582 1060 2601 arce.

496 2617 511 2643 7
528 2616 567 2643 ld.
585 2616 643 2644 code
654 2617 819 2652 insidiosus,
832 2617 874 2643 cui
886 2618 1020 2644 consentit
1031 2621 1057 2645 et
1072 2617 1106 2645 al.
1125 2618 1202 2645 1353.

496 2662 512 2688 8
532 2661 571 2689 ΑΙ.
593 2662 673 2689 ‘nullo
689 2670 776 2689 miore-

962 255 1114 279 APPENDlx
1139 253 1305 279 BULLARIII
1325 254 1448 280 ROMANI

1218 302 1398 336 tendebatis
1418 302 1631 336 sectatoribus
1646 301 1869 345 irrogandum,
1883 302 1959 335 huie

1219 356 1280 389 iam
1300 357 1389 400 quasi
1405 356 1559 398 magistro
1579 355 1709 389 sceleris
1726 355 1961 389 rationabiliter

1220 469 1373 497 merserat
1396 463 1435 496 ad
1455 462 1593 501 ruinam,
1617 462 1708 495 tieret
1729 462 1796 506 ipse
1816 467 1963 495 metucn-

1221 517 1279 550 dae
1318 516 1535 549 damnationis
1570 516 1784 558 exemplum-‚⁴
1810 514 1964 559 quodque

1221 571 1302 603 adeo
1316 581 1427 603 verum
1445 575 1502 610 est,
1524 574 1558 602 ut
1577 573 1759 613 superstare
1781 569 1964 607 venerando

1221 623 1390 656 Timotheo
1410 623 1571 665 legionem
1594 622 1729 656 sollicite
1747 623 1914 663 iusseritis‚
1938 623 1964 655 si

1221 676 1327 709 eidem
1353 676 1540 724 humanitus
1564 676 1687 719 aliquid
1714 676 1880 709 evenisset.
1904 676 1966 709 Vos

1222 739 1287 762 non
1308 729 1369 761 nisi
1399 729 1438 762 de
1456 728 1690 762 catholicorum
1713 729 1850 772 collegio
1870 729 1965 762 cleri-

1223 792 1348 822 corum,
1377 787 1407 815 et
1433 792 1449 814 a
1475 782 1642 815 catholicis
1670 781 1893 816 consecratum
1915 782 1967 814 s‘u-

1223 834 1325 867 hiistis
1341 835 1449 867 videre
1463 840 1640 879 pastorem,
1657 835 1732 879 quia
1743 835 1863 879 ubique
1877 835 1966 868 nullo

1223 888 1287 921 ritu
1312 890 1322 904 ⁸
1345 888 1404 921 sub
1436 893 1559 922 vestrae
1590 888 1772 921 serenitatis
1801 888 1968 929 obtutibus

1224 941 1366 974 haeresis
1384 941 1450 985 ipse
1468 942 1661 986 praecipuus
1681 941 1896 986 Eutychianae
1914 941 1968 974 de-

1226 995 1364 1028 mentiae
1399 994 1504 1038 potuit
1532 1005 1601 1028 esse
1629 995 1678 1028 vel
1708 994 1770 1028 diei
1796 993 1967 1027 orthodoxi

1225 1058 1391 1081 successor
1409 1048 1569 1081 antistitis.
1593 1048 1661 1087 Quo
1683 1048 1779 1090 igitur
1792 1048 1900 1081 animo
1913 1047 1969 1080 he-

1226 1101 1331 1141 stiam,
1360 1112 1456 1145 quam
1478 1112 1495 1134 a
1515 1102 1667 1144 gregibus
1696 1101 1810 1136 Christi
1836 1101 1969 1133 duxistis

1227 1155 1432 1197 abigendam,
1461 1155 1492 1188 in
1511 1165 1623 1188 eorum
1656 1156 1763 1188 denuo
1789 1154 1935 1198 patimini
1958 1154 1969 1169 ⁹

1227 1208 1349 1241 saevire
1381 1209 1585 1252 perniciem?
1618 1208 1708 1242 Certe
1730 1208 1866 1250 legibus,
1890 1217 1969 1251 quas

1227 1261 1385 1295 universis
1406 1261 1582 1306 imponitis,
1604 1261 1705 1304 magis
1725 1261 1818 1294 vultis
1835 1261 1920 1294 vinci
1933 1260 1966 1302 ¹⁰,

1229 1325 1324 1358 quam
1344 1315 1551 1358 piomulgare
1572 1320 1665 1348 conti
1667 1325 1754 1354 ‘uia
1778 1318 1915 1371 quanto
1919 1324 1970 1346 sa-

1231 1367 1323 1402 tius¹¹
1345 1368 1452 1409 lueiit,
1477 1368 1668 1402 intemerata
1688 1353 1971 1412 persiste1e‚q⁸uae

1229 1422 1299 1455 heii
1319 1433 1379 1466 pro
1401 1421 1582 1462 ιιιῐοῡιίιιιῐο
1604 1421 1772 1455 tetinenda
1798 1421 1895 1454 totius
1915 1421 1972 1453 Ec-

1230 1476 1345 1509 clesiae
1363 1475 1553 1519 protulistis,
1569 1486 1633 1519 quo
1647 1480 1678 1508 et
1691 1475 1736 1508 tui
1751 1474 1899 1508 catholici
1914 1474 1973 1506 im-

1230 1529 1311 1572 perii
1329 1528 1503 1562 auctoritas
1523 1528 1709 1562 inconvulsa
1726 1533 1925 1572 permaneat,
1943 1533 1974 1560 et

1230 1582 1311 1614 nihil
1331 1581 1473 1621 accedat,
1497 1581 1585 1625 quod
1606 1581 1729 1614 actibus
1754 1581 1839 1625 apud
1863 1580 1974 1614 Domi-

1231 1646 1308 1668 num
1330 1640 1452 1668 vestrae
1473 1634 1614 1668 felicitati
1635 1634 1779 1669 obsistat.

1277 1688 1328 1722 10.
1353 1689 1461 1723 Cernis
1490 1689 1588 1733 enim,
1611 1688 1971 1735 venerabilis-impera-

1232 1749 1292 1794 tor,
1317 1743 1392 1786 quia
1412 1748 1446 1775 ut
1459 1742 1728 1777 Chalcedonensis
1748 1741 1861 1786 synodi
1882 1742 1976 1774 indu-

1231 1796 1333 1829 bitata
1365 1796 1511 1830 defensio
1536 1795 1747 1829 inimicorum
1780 1795 1848 1828 eius
1884 1795 1976 1829 elisio

1233 1855 1290 1890 est,
1320 1849 1366 1882 sic
1394 1848 1534 1886 vicissim
1564 1849 1731 1882 manifesta
1762 1847 1848 1881 illius
1868 1848 1976 1892 impu-

1233 1902 1387 1945 gnatione
1407 1902 1641 1946 comprobatur
1660 1901 1802 1935 hostium
1819 1911 1976 1934 veneran-

1234 1956 1293 1989 dae
1313 1955 1628 1999 ipsiuscognitionis
1649 1955 1770 1988 evectio
1783 1953 1815 1987 ¹2.
1833 1954 1979 1987 Memini-

1234 2008 1289 2042 stis
1309 2008 1586 2052 quemadmodum
1606 2008 1704 2041 verba
1724 2007 1832 2041 divina
1851 2017 1910 2041 nos
1930 2007 1979 2040 in-

1234 2067 1360 2095 struant
1394 2071 1498 2104 neque
1528 2061 1561 2094 in
1595 2061 1764 2101 dextrum,
1805 2070 1908 2104 neque
1941 2060 1978 2092 in

1269 2168 1286 2195 9
1308 2177 1320 2194 ει
1336 2168 1521 2196 Pateremini
1536 2179 1562 2195 ».
1578 2168 1627 2197 lid.
1645 2168 1735 2203 codd,
1751 2167 1799 2195 sed
1819 2175 1977 2203 perperam,

1235 2212 1264 2235 ut
1284 2208 1399 2235 videtur.

1270 2254 1305 2281 10
1324 2253 1389 2280 Cod.
1408 2252 1474 2280 1342
1497 2256 1558 2288 apte
1578 2254 1631 2288 leg.
1653 2261 1725 2288 quas
1739 2253 1878 2279 humanis
1897 2253 1980 2280 rebus

1236 2294 1397 2328 imponitis,
1413 2294 1551 2321 mavultis
1566 2294 1653 2320 vinci.

1276 2338 1301 2364 11
1314 2337 1460 2364 Cod.1353
1469 2341 1577 2372 quanto
1587 2337 1709 2365 sacrius.
1722 2338 1825 2372 Inepte,
1836 2340 1864 2364 ut
1874 2336 1980 2372 opinor.

1273 2383 1306 2409 12
1323 2382 1363 2409 Al.
1381 2383 1591 2418 protectioni53
1612 2382 1681 2409 male
1702 2382 1820 2418 quidem.
1848 2382 1898 2409 Cit.
1919 2381 1978 2409 cod.

1239 2423 1306 2450 1353
1321 2424 1372 2458 leg.
1398 2423 1631 2458 conqreyationis
1654 2422 1760 2450 electio.
1783 2421 1878 2457 ltaque
1892 2422 1982 2448 sicle-

1236 2471 1327 2498 gerem
1338 2471 1343 2490 z
1357 2463 1560 2498 comprobatur
1567 2462 1691 2489 hostium
1700 2462 1880 2489 venerandae
1890 2461 1981 2496 ipsius

1237 2503 1525 2537 conyreyalionis.(se.
1537 2502 1665 2529 Chalced.
1677 2501 1786 2534 concil.)
1796 2502 1911 2529 evectio.
1923 2501 1982 2528 Mox

1237 2546 1329 2569 autem
1354 2543 1391 2570 id.
1418 2542 1479 2570 cod.
1496 2543 1534 2569 sic
1549 2541 1736 2578 prosequitur:
1762 2552 1774 2566 α
1791 2541 1981 2576 Conqreqatio

1237 2582 1453 2617 memorabilis,
1466 2582 1711 2617 quemadmodum
1723 2581 1807 2608 verba
1817 2581 1920 2609 divina
1930 2589 1982 2607 nos

1238 2622 1398 2655 instruunt,
1419 2630 1468 2649 mc
1488 2623 1519 2649 in
1540 2622 1686 2653 dextrum,
1709 2629 1760 2648 nec
1779 2622 1812 2648 in
1831 2622 1982 2650 sinistrum

1239 2662 1360 2690 limitem
1380 2665 1473 2691 rectae
1493 2662 1692 2697 dispositionis
1712 2662 1822 2689 excedit
1834 2672 1860 2689 n.

1991 255 2040 281 Λη.
2061 254 2089 281 C.
2106 255 2158 283 483

2020 316 2036 337 E
2051 316 2157 346 prioribus

1975 350 2025 369 ergo
2039 346 2158 369 posteriora

1975 371 2074 395 redargui
2087 375 2159 390 ncces-

1220 409 1424 454 deputabatis
1442 409 1618 449 inflictum3
1642 414 1687 450 ut,
1709 408 1826 452 quibus
1847 410 1959 442 fratres
1975 403 1997 418 ⁵⁹
2013 403 2023 418 ⁰

2003 1698 2174 1720 chalcedonense
2215 1706 2218 1708 -

1989 1726 2101 1746 concilium
2125 1723 2175 1745 ndei
2199 1749 2203 1753 ⁴
2220 1731 2222 1734 >

1990 1752 2092 1773 defensio.
2216 1751 2217 1755 ¹
