2244 3183
219 208 266 234 An.
289 207 316 234 C.
335 208 385 235 tat

239 748 288 768 Sed:
313 749 400 773 lwetot.

216 779 265 794 rura
289 781 399 795 willerme

217 801 325 822 Ecdeme
348 802 399 822 ‹livi-

216 830 271 848 nitus
282 835 399 849 reininissa.

240 1603 348 1625 Dardanos
357 1606 399 1631 epi-

216 1636 291 1655 ‹cnpus
303 1632 328 1651 ad
338 1632 400 1658 Euty-

216 1657 332 1679 cbtanistas
349 1660 400 1679 ellu-

216 1684 303 1707 ntendns
338 1686 400 1706 conti-

216 1710 298 1730 denttus
322 1712 401 1732 incitat.

450 198 513 230 286

415 256 566 300 antiquae
584 256 657 290 tidei
684 255 987 299 communionisque
1009 255 1153 288 sincerae

417 309 642 342 traditionibus
682 308 907 348 inhaerentes,
942 313 977 340 ut
1012 312 1152 341 mentem

415 364 606 397 christianae
642 363 783 396 deditam
813 363 938 396 veritati
972 363 1154 397 nullatenus

416 415 600 450 infecerint¹
622 416 914 460 pracvaricatorum
929 416 1033 450 vicina
1046 422 1155 450 conta-

415 471 465 511 ⁷uia
481 498 487 511 ‚
513 470 790 513 magnificavimus
803 470 987 511 Dominum,
1011 470 1151 504 charita-

416 531 543 567 temque
558 528 692 556 vestram
708 524 812 557 missis
834 523 947 557 litteris
960 523 1080 567 alloqui
1098 533 1156 567 per

416 577 581 619 religiosos
602 577 685 610 viros
708 577 791 610 tilios
812 583 940 610 nostros
960 577 1154 621 Cyprianum

415 636 509 673 atque
524 629 695 663 Macarium
715 630 867 663 diaconos
889 635 953 663 tota
973 630 1079 663 cordis
1093 629 1156 662 avi-

416 683 515 716 ditate
553 683 753 717 curavimus:
790 684 942 728 quoniam
976 693 1036 727 pro
1066 683 1156 717 Sedis

416 737 618 781 Apostolicae
636 737 837 781 principatu,
862 737 951 771 cuius
971 737 1155 770 sollicitudo

417 792 563 833 delegata
585 790 735 824 divinitus
756 790 878 824 cunctis
899 790 1035 824 debetur
1055 790 1155 823 eccle-

415 843 480 884 siis,
502 854 560 877 nos
577 843 721 885 vivimus,
747 844 771 877 si
786 854 841 877 vos
854 843 943 877 statis
957 844 989 876 in
1002 843 1151 884 Domino,

416 897 606 941 magnisque
638 897 764 939 gaudiis
797 897 1044 941 triumphamus.
1077 897 1153 930 Cum

415 951 536 995 ubique
563 956 720 984 terrarum
742 951 913 984 Dominum
935 951 1073 985 Sabaoth
1100 961 1152 984 sc-

417 1016 488 1037 men
506 1015 607 1049 purae
622 1004 830 1038 consessionis
852 1004 1019 1048 reliquisse
1037 1014 1155 1046 cogno-

415 1058 550 1099 scimus,
580 1058 666 1102 quod
688 1068 752 1091 non
774 1058 805 1090 in
830 1062 959 1102 petrosa
984 1057 1155 1090 deveniens

415 1118 503 1146 aestu
529 1112 714 1145 tentationis
735 1112 872 1152 exaruit,
901 1122 960 1145 nec
980 1111 1048 1144 viae
1073 1121 1153 1155 pro-

415 1167 534 1200 ximum
557 1165 673 1199 cecidit
694 1165 879 1199 vacantibus
901 1164 1040 1198 inimicis
1061 1175 1156 1208 expo-

414 1220 522 1260 situm,
547 1231 605 1253 nec
626 1219 657 1252 in
683 1218 783 1262 spinis
804 1218 897 1251 irruit
918 1218 1153 1257 suffocandum,

414 1275 469 1307 sed
503 1273 534 1306 in
572 1274 690 1306 bonam
724 1278 842 1305 terram
875 1271 947 1316 piae
978 1271 1157 1305 devotionis

414 1333 536 1361 vestrae
562 1326 690 1360 caelesti
718 1326 856 1360 factione
879 1325 890 1342 ²
919 1326 1098 1370 dispersum
1124 1326 1157 1359 in

416 1381 617 1424 trigesimum
632 1386 662 1414 ct
674 1380 909 1423 sexagesimum
924 1380 1061 1413 fructum
1076 1390 1153 1414 cen--

416 1434 641 1479 tenariumque
663 1434 811 1478 profecit,
834 1433 1158 1477 profectionemque³

415 1489 537 1522 scilicet
561 1488 712 1522 frumenti
738 1487 893 1521 dominici
915 1487 1047 1532 mystica
1066 1487 1156 1521 locu-

416 1542 502 1576 tione
521 1542 701 1585 designans.
719 1544 922 1586 Quapropter
941 1540 1157 1574 exultantibus

416 1596 531 1629 animis
553 1595 768 1629 confidentius
786 1595 970 1636 incitamus,
987 1600 1022 1627 ut
1039 1595 1078 1628 ab
1096 1595 1157 1627 Eu-

417 1649 584 1694 tycliianac
616 1648 711 1692 pestis
738 1648 866 1681 incursu
894 1652 1026 1691 pectora
1054 1652 1157 1681 vestra

416 1703 579 1747 sapienter
606 1702 794 1736 intemerata
825 1701 972 1735 servetis:
1002 1700 1155 1745 quoniam

418 1757 479 1790 iam
501 1758 560 1801 qui
575 1760 756 1800 perseverat
769 1756 778 1772 ⁴
798 1755 953 1799 usquein
971 1755 1081 1797 finem,
1106 1755 1157 1788 hic

416 1811 525 1843 salum·
539 1810 612 1843 erit.
628 1810 788 1843 Donn‘nus
802 1819 903 1852 prope
919 1813 975 1849 est,
992 1809 1080 1841 nihil
1096 1809 1158 1841 sol-

418 1864 517 1896 licitis
530 1864 602 1895 sitis
615 1864 635 1903 ⁵,
661 1863 685 1895 si
704 1863 834 1907 quidem
854 1862 958 1895 maior
975 1867 1031 1902 est,
1049 1862 1136 1906 quod
1148 1862 1159 1877 ⁶

418 1918 448 1950 in
470 1917 563 1951 nobis
588 1923 654 1958 est,
683 1928 778 1961 quam
801 1917 854 1961 qui
881 1916 912 1949 in
939 1916 1000 1949 hoc
1022 1917 1154 1957 mundo,

418 1982 620 2014 regnumque
652 1970 778 2004 Domini
804 1970 889 2003 intra
914 1980 972 2003 nos
995 1970 1004 1986 ⁷
1036 1969 1155 2013 (etiam

417 2025 576 2069 scriptura
603 2024 753 2063 testante>
773 2023 813 2057 sit
837 2028 970 2057 certum.
993 2023 1031 2056 Ut
1051 2028 1157 2056 autem

418 2079 457 2111 ab
483 2089 615 2119 corum,
648 2078 703 2122 qui
729 2078 759 2111 in
793 2088 903 2112 errore
933 2083 1007 2111 sunt
1037 2077 1154 2122 positi,

456 2224 462 2248 1
487 2222 572 2250 Codd.
593 2223 651 2249 vat.
669 2221 739 2249 4965
758 2225 785 2248 et
803 2222 871 2249 5617
892 2221 1055 2256 inficerent.

452 2272 468 2298 ⁶2
488 2272 529 2298 ΑΙ.
546 2275 573 2299 et
587 2271 646 2298 cod.
664 2271 732 2299 5617
753 2271 873 2299 salione.
893 2270 931 2298 Ad
952 2274 1020 2298 orat.
1041 2273 1158 2299 context.

418 2322 505 2357 aptius
525 2320 641 2348 videtur.

453 2371 469 2398 3
489 2371 540 2397 tiit.
571 2370 631 2396 cod.
659 2370 928 2404 perfectionemque:
956 2374 983 2396 at
1009 2369 1068 2396 cod.
1091 2369 1156 2396 4961

419 2419 557 2445 nobiscum
579 2418 651 2450 legit.
673 2418 714 2444 cui
735 2418 830 2451 opinor
850 2426 902 2445 non
923 2417 1117 2445 accedendum.

455 2468 470 2494 Δ,
490 2467 539 2494 Cit.
562 2467 622 2493 cod.
648 2475 708 2493 cum
729 2466 821 2493 Matth.
844 2474 872 2500 x,
889 2475 914 2493 v.
930 2467 965 2493 22
976 2467 1047 2501 legg.
1062 2474 1159 2501 perse-

420 2517 569 2545 veraverz't.

454 2568 470 2594 5
490 2566 606 2603 Philiph.
623 2573 660 2601 lv,
672 2567 698 2594 6.

455 2624 471 2648 ὕ
491 2620 557 2649 Cod.
574 2620 641 2648 5617
657 2620 718 2656 qui.

936 209 951 231 A
959 207 1033 231 rrEN
1039 207 1089 231 mx
1116 206 1212 231 m'LLA
1219 206 1261 231 RH
1286 206 1403 232 nomm

1188 254 1282 288 noxia
1302 254 1455 288 societate
1483 255 1639 295 caveatis,
1664 257 1787 290 nullum
1812 257 1927 290 talibus

1188 308 1482 343 communicantem
1515 309 1554 341 ad
1587 314 1726 341 vestrum
1765 310 1926 354 recipiatis

1189 361 1331 406 qualibet
1360 361 1570 405 subreptione
1602 362 1818 396 consortium:
1853 363 1927 407 quia

1188 415 1269 449 sicut
1289 415 1320 448 in
1346 425 1541 458 unaquaque
1566 415 1690 448 haeresi
1715 426 1786 448 cum
1817 418 1924 460 pravi-

1190 469 1261 503 tatis
1293 473 1424 501 auctore
1456 468 1609 501 damnato
1634 479 1835 503 successores
1860 470 1927 503 eius

1190 528 1219 555 et
1240 521 1413 565 complices
1434 527 1529 565 atquc
1550 521 1735 555 huiusmodi
1756 524 1924 557 sectatori-

1191 576 1248 609 bus
1274 575 1395 619 polluta
1416 575 1644 608 communione
1669 576 1845 619 permixtos
1869 588 1924 610 ca-

1191 630 1310 662 tholica
1336 629 1433 662 vitare
1455 629 1550 662 debet
1576 629 1759 672 integritas;
1788 630 1830 664 ita
1855 642 1927 665 cum

1191 683 1362 728 Eutychete
1394 683 1582 724 Dioscorus,
1614 683 1775 728 simulque
1815 685 1926 720 Timo-

1192 737 1294 777 theus,
1321 736 1472 778 Aelurus,
1494 742 1525 770 ct
1544 737 1656 770 Petrus
1677 738 1925 779 Alexandrinus,

1191 789 1323 833 eiusque
1338 789 1596 823 communicator
1615 790 1759 831 Aeacius,
1783 801 1843 825 nec
1864 802 1928 826 non

1190 842 1285 876 etiam
1304 842 1523 876 Antiochenus
1543 843 1654 876 Petrus
1680 854 1752 876 cum
1770 843 1835 878 suis
1857 851 1931 878 sunt

1190 897 1323 931 omnino
1337 896 1548 941 participibus
1565 897 1747 931 abdicandi.
1765 898 1828 932 Nec
1844 899 1930 943 quis-

1190 961 1307 995 quam,
1340 950 1464 984 etiamsi
1494 950 1681 994 pravitatem
1709 951 1872 995 deponere
1896 964 1929 987 se

1190 1004 1379 1048 promittat,
1409 1004 1583 1038 recitandis
1609 1009 1716 1038 tamen
1741 1005 1928 1040 nominibus

1191 1057 1394 1091 consentiens
1414 1057 1636 1101 perditorum,
1664 1058 1713 1091 vel
1738 1058 1851 1092 eadem
1873 1069 1926 1092 re-

1191 1110 1358 1144 citantium
1377 1109 1510 1143 minime
1524 1110 1754 1144 communione
1775 1111 1930 1146 discretus

1191 1164 1231 1197 acl
1252 1163 1458 1197 immaculata
1478 1162 1655 1206 sacrilegiis
1676 1164 1771 1197 ovilia
1791 1164 1927 1208 quibus-

1191 1227 1330 1261 cumque
1350 1216 1455 1250 modis
1476 1222 1522 1250 est
1540 1217 1777 1261 permittendus
1797 1217 1929 1259 intrare,

1192 1276 1226 1303 ut
1247 1270 1382 1304 ecclesia
1411 1270 1465 1304 Dei
1487 1269 1607 1303 nostri⁸
1621 1297 1629 1311 ,
1650 1280 1733 1315 quae
1752 1271 1929 1312 maculam,

1191 1334 1374 1368 rugamque
1393 1334 1459 1357 non
1478 1324 1616 1357 sustinet
1628 1323 1657 1364 ⁹,
1681 1323 1834 1357 inviolata
1853 1335 1929 1368 per-

1192 1383 1331 1412 maneat.
1360 1377 1472 1411 Absint
1497 1387 1573 1420 ergo
1603 1388 1621 1410 a
1642 1376 1791 1411 fidelihus
1819 1377 1932 1411 Christi

1192 1432 1320 1477 viperae
1334 1431 1446 1476 capitis
1460 1431 1530 1465 dira
1548 1431 1754 1472 commercia,
1775 1436 1806 1465 et
1818 1431 1931 1475 procul

1192 1497 1210 1519 a
1237 1485 1427 1520 caelestibus
1458 1485 1586 1530 pascuis
1618 1485 1784 1518 mortifera
1811 1495 1933 1519 venena

1192 1540 1364 1584 pellantur,
1384 1544 1419 1572 ut
1439 1538 1588 1573 salutaris
1607 1538 1761 1572 alimonia
1785 1538 1877 1582 panis
1897 1538 1933 1571 il-

1192 1593 1264 1634 lius,
1281 1592 1336 1637 qui
1350 1592 1389 1625 de
1400 1593 1491 1625 coelo
1504 1591 1681 1633 descendit,
1694 1591 1805 1625 fideles
1818 1591 1902 1625 hanc
1912 1589 1934 1607 ‘¹'

1191 1650 1354 1680 sumentes
1375 1646 1415 1679 ad
1430 1645 1525 1678 vitam
1543 1645 1699 1689 perducat
1719 1650 1882 1678 aeternam
1898 1643 1928 1677 ¹¹.

1236 1701 1323 1739 Quae
1343 1704 1378 1733 ut
1398 1704 1510 1733 mutua
1527 1699 1691 1733 valeamus
1710 1698 1932 1732 exhortatione

1192 1753 1395 1798 prospicere,
1423 1753 1477 1786 det
1496 1763 1629 1796 operam
1658 1758 1762 1786 vestra
1782 1751 1929 1793 dilectio,

1193 1806 1451 1851 ut¹²sospitatem
1465 1811 1587 1840 vestrae
1601 1805 1764 1840 charitatis
1777 1811 1930 1849 optatam,

1193 1867 1224 1895 et
1235 1861 1311 1895 fidei
1326 1859 1508 1894 communis
1517 1859 1669 1893 instantia
1682 1859 1776 1893 nobis
1789 1859 1934 1893 crebrius

1193 1915 1320 1959 aperire
1351 1925 1415 1948 non
1441 1914 1588 1954 desinat,
1616 1918 1774 1957 quatenus
1805 1912 1935 1947 alternis

1193 1979 1251 2002 nos
1272 1967 1537 2001 instructionibus
1557 1966 1740 2007 excitantes,
1768 1966 1931 2009 legitimo-

1194 2033 1264 2055 rum
1285 2021 1412 2055 Domini
1437 2020 1642 2054 sacerdotum
1668 2019 1829 2064 possimus
1850 2019 1934 2052 inve-

1194 2076 1263 2109 nire
1284 2075 1478 2109 mercedem.
1498 2074 1561 2107 Per
1580 2073 1699 2107 vicinas
1713 2083 1842 2118 quoque
1860 2084 1934 2117 pro-

1229 2218 1244 2245 7
1264 2218 1328 2245 Luc.
1348 2224 1413 2250 xvn,
1433 2217 1478 2252 21,
1501 2216 1548 2244 uhi
1566 2215 1643 2252 Vulg.
1665 2215 1717 2252 leg.
1738 2223 1861 2251 reanum
1880 2215 1935 2242 Dei

1195 2263 1276 2290 incra
1291 2270 1337 2288 vos
1352 2264 1403 2289 εει.

1230 2307 1245 2333 8
1262 2306 1289 2333 ln
1310 2306 1355 2333 cit.
1372 2305 1432 2333 cod.
1448 2306 1517 2333 5617
1538 2306 1616 2333 deest
1634 2305 1737 2333 nostri.

1229 2352 1245 2377 9
1266 2350 1365 2385 Ephes.
1383 2358 1408 2384 ν,
1428 2350 1473 2385 27,
1495 2350 1540 2377 ubi
1560 2349 1634 2386 Vulg.
1657 2349 1758 2386 inquit:
1779 2349 1936 2384 ylariosam

1196 2395 1353 2423 Ecclesiam
1382 2403 1440 2422 non
1469 2395 1616 2422 habentem
1644 2394 1811 2426 maculam,
1844 2401 1936 2428 neque

1195 2448 1310 2475 ruffam.

1232 2485 1264 2511 10
1284 2484 1333 2511 Cit.
1351 2484 1410 2511 cod.
1428 2485 1513 2512 hunc.

1233 2530 1261 2557 11
1279 2529 1372 2557 loann.
1388 2535 1424 2562 vt,
1435 2528 1480 2557 33.

1232 2572 1264 2601 12
1283 2573 1334 2601 Cit.
1357 2572 1417 2601 cod.
1445 2575 1470 2601 et
1488 2572 1661 2608 sospitatem.
1683 2571 1792 2600 Rectius
1811 2570 1845 2599 ad
1865 2573 1933 2598 orat.

1196 2621 1312 2646 context.
1334 2617 1441 2646 videtur
1460 2625 1488 2646 n.
1508 2616 1598 2645 lectio.

1960 208 2009 235 An.
2031 208 2058 236 C.
2075 208 2125 236 494

1970 429 2043 455 ltaque
2052 429 2126 452 nullus,

1943 456 1978 481 qui
2009 462 2054 476 cuin
2086 456 2126 476 iltis

1943 482 2090 503 communicat.
2106 483 2125 502 in

1943 509 2020 529 cathol.
2041 515 2125 528 consur-

1943 535 1993 555 tinm
2022 535 2127 561 recipien-

1944 561 1993 585 dus,

1971 961 2026 982 Neve
2042 960 2077 987 qui
2093 960 2128 981 tla-

1944 990 2062 1008 mnatorum
2090 993 2127 1008 no·

1943 1015 2004 1036 niiuis
2053 1014 2129 1035 recita-

1945 1041 1996 1062 tioni
2015 1042 2128 1067 utrumque

1944 1068 2054 1089 consentit.

1975 1708 2037 1738 Petit,
2051 1709 2075 1728 ut
2089 1707 2132 1737 epi-

1947 1733 2133 1785 {sslfflanff‚‘²¹’‘¹⁰⁵
