2244 3183
45 253 93 281 An.
115 251 143 280 C.
159 251 211 278 462

70 474 164 496 Celerem
176 479 227 503 nun-

43 501 95 523 tium
109 502 212 527 exposcit.

876 250 902 273 S.
926 250 1063 274 HILARL'S
1085 252 1135 275 PP.

243 297 357 333 crabili
378 297 583 332 temeritate¹
604 297 868 342 praesumpserit.
889 297 989 337 Quam

242 363 310 386 rem
333 352 486 386 decuerat
506 352 708 385 sanctitatem
730 356 830 392 tuam,
849 356 883 384 ut
896 351 990 384 nobis

242 406 275 439 in
302 405 438 448 vestigio
466 405 635 439 indicaret.
663 405 730 444 Qua
755 405 866 445 dere,
891 405 990 437 frater

243 459 427 501 carissime,
451 469 633 499 monemus,
656 464 692 492 ut
717 458 742 492 si
759 458 770 475 ²
798 458 878 491 fides
898 457 990 491 adhi-

242 514 358 547 beatur
382 513 523 554 assertis,
547 513 687 557 seposita
708 512 925 553 excusatione,
949 512 989 545 ad

241 578 302 601 nos
329 573 395 601 tam
425 574 498 601 tuae
526 567 711 608 dilectioni,
736 577 833 611 quam
853 566 987 599 fratrum

241 628 429 656 nostrorum
465 628 520 656 aut
548 632 607 666 per
637 621 830 666 portitorem
859 620 985 654 littera-

242 687 327 718 rum,
351 682 406 710 aut
431 687 490 720 per
509 686 606 720 quem
627 675 688 720 ipsi
718 674 880 718 elegeritis
905 674 984 707 sub-

242 730 396 774 scriptam
426 740 559 763 manum
587 734 765 763 vestrarum
796 728 986 761 relationem

243 782 484 823 transmittatis3
514 788 547 816 ut
573 783 661 826 quod
681 782 691 797 ⁸
717 781 853 815 definire
878 781 984 825 possi-

243 847 325 878 mus,
337 836 518 870 recurrenti
531 835 650 880 pagina
658 835 786 880 possitis
796 845 983 878 agnoscere.

242 891 325 924 Deus
345 895 375 923 te
401 889 598 923 incolumem
628 889 788 922 custodiat
816 889 914 921 frater
934 898 986 921 ca-

243 943 380 977 rissime.

285 998 364 1031 Data
380 1006 417 1031 111
436 1007 539 1030 nonas
559 995 750 1030 Novembris
762 995 782 1028 ⁴.

277 1060 336 1088 Dat.
358 1059 402 1088 die
420 1060 438 1087 3
452 1058 593 1087 novembr.

480 1202 667 1237 EPISTOLA
691 1203 728 1236 IV
738 1203 758 1235 ⁵.

240 1283 382 1316 Romani
407 1283 575 1325 Pontificis
604 1283 817 1326 praecipuum
845 1282 988 1325 officium

285 1333 449 1375 ttttinqeits
471 1332 651 1365 Ascanium
677 1333 798 1374 arguit,
816 1332 898 1376 quod
914 1343 990 1375 pra-

286 1382 331 1414 vis
348 1382 480 1415 Irenaezss
499 1381 663 1414 desideriis
681 1391 747 1413 non
764 1381 932 1421 obstiterit,
950 1382 990 1413 ci-

284 1442 342 1475 que
358 1431 477 1474 aqcndi
496 1432 655 1464 rationem
673 1441 741 1463 cum
757 1431 910 1474 episcopis
925 1431 989 1463 ille·-

285 1481 344 1513 εἶτε
354 1480 517 1513 ordinatis
533 1479 859 1523 praescribensiubet,
879 1480 988 1513 Barci-

286 1530 425 1562 nonensi
444 1529 590 1562 antistite
605 1533 798 1569 consecrato,
815 1528 987 1563 Irenaeum

285 1580 321 1612 in
335 1579 440 1612 sedem
453 1588 547 1611 suam
566 1578 686 1622 repelli.

381 1642 583 1678 Dilectissim'o
606 1650 695 1678 fratri
718 1650 843 1678 Ascanio

453 1695 576 1722 Hilarus
592 1695 770 1730 Episcopus.

284 1758 417 1792 Divinae
433 1758 519 1792 circa
531 1768 590 1792 nos
603 1758 726 1801 gratiae
739 1769 901 1793 memores
918 1770 986 1793 esse

241 1812 418 1854 debemus,
449 1812 504 1856 qui
532 1822 591 1846 nos
610 1823 669 1857 per
689 1812 886 1856 dignationis
910 1825 986 1848 suae

276 1957 287 1983 1
305 1956 402 1983 Baron.
419 1955 602 1983 auctoritate.
620 1955 776 1991 Perperam,
798 1960 829 1983 ut
847 1957 953 1993 opinor.

274 2001 290 2028 2
310 2000 406 2028 Baron.
429 1999 531 2027 omittit
548 1999 574 2026 si
588 1999 686 2028 mendo
703 2000 876 2037 typograpli„
896 2006 927 2029 ut
947 2002 986 2029 vi-

239 2046 328 2074 detur.

275 2090 291 2119 3
310 2101 322 2116 «
338 2090 438 2123 Quid»
457 2089 554 2117 Baron.

275 2136 291 2163 4
305 2135 429 2163 Consulis
448 2142 549 2162 nomen
569 2142 600 2161 ex
616 2134 695 2169 epist.
717 2134 750 2161 ad
775 2134 901 2172 Episcop.
925 2137 987 2164 Pro-

239 2181 310 2208 vinc.
326 2180 423 2207 Vienn.
441 2179 564 2215 Lugdun.
582 2179 706 2206 Narbon.
720 2180 780 2207 eod.
799 2180 842 2208 die
853 2181 915 2209 data
924 2190 987 2218 sup-

239 2225 367 2262 plendum
386 2228 427 2252 cst
441 2225 515 2251 iuxta
532 2224 607 2251 Cont.
625 2224 716 2251 Const.
735 2224 752 2252 l.
771 2235 793 2252 c.
813 2225 901 2253 Etiam
921 2227 987 2253 Jatre

239 2279 283 2306 op.
297 2279 320 2297 c.
337 2278 398 2306 pag.
416 2270 449 2296 48
465 2269 528 2296 huic
543 2269 621 2304 epist.
638 2277 738 2296 annum
752 2269 872 2305 assignat
883 2271 945 2298 462.

274 2315 291 2342 5
305 2316 343 2342 Ex
354 2314 442 2342 Mansi
459 2314 567 2341 Concil.
584 2314 708 2348 Collect,
730 2317 795 2342 tom.
805 2321 851 2350 vn,
864 2315 983 2343 col.929.

276 2360 293 2386 6
307 2360 347 2386 Al.
368 2359 434 2387 edit.
456 2359 593 2394 qratiam.
614 2359 700 2386 Minus
715 2359 794 2387 bene.

258 2400 290 2432 ‘7
310 2404 400 2431 Verba
414 2404 446 2431 ob
462 2404 513 2430 hoc
528 2403 626 2431 desunt
638 2403 666 2430 in
682 2404 782 2440 plurib.
804 2404 883 2432 codd.
901 2405 969 2433 Vatt.

275 2450 291 2478 8
310 2460 322 2474 α
337 2449 378 2476 Al.
395 2449 575 2477 sacerdotum
593 2458 617 2475 ›.
637 2449 721 2476 Mansi
740 2449 773 2476 ad
798 2458 883 2486 marg.
905 2451 923 2478 l.
947 2460 984 2485 c.;

240 2494 282 2522 cui
301 2494 362 2522 lect.
383 2494 532 2521 adhaerent
551 2493 660 2521 Collect.
678 2493 823 2522 Parisiens.
843 2503 904 2523 cum
917 2504 982 2523 mss.

241 2538 334 2566 Urbin.
356 2529 416 2574 143,
434 2542 460 2566 et
480 2538 567 2566 Vatic.
583 2538 663 2565 3791.

273 2583 291 2610 9
309 2583 355 2611 Sic
373 2584 442 2619 plur.
461 2583 541 2611 codd.
557 2583 656 2617 Vatic.;
673 2583 725 2612 duo
737 2585 979 2619 attten1542‚279l

239 2628 328 2655 mala.

276 2672 310 2700 ¹0
324 2672 389 2700 Cod.
399 2673 457 2701 Vat.
467 2673 519 2701 542
530 2673 617 2702 omitt.
635 2674 734 2703 etiam.
745 2674 816 2702 Sane
829 2681 982 2710 perperam.

1674 244 1737 278 203
1801 256 1848 283 An.
1867 257 1896 283 c.
1914 258 1964 284 46⁴2

1025 299 1280 334 misericordiam
1293 301 1304 317 ⁵
1324 301 1365 335 ob
1386 301 1466 335 lioc⁷
1479 302 1518 335 ad
1538 302 1699 346 fastigium
1714 315 1764 337 sa·
1824 317 1965 349 Praecipunm

1025 353 1187 387 cerdotale
1207 355 1362 398 prorexit,
1385 361 1420 388 ut
1433 356 1592 389 mandatis
1606 356 1705 400 ipsius
1719 357 1767 390 in-
1781 344 1964 393 igniariiitiifliiufi‘

1024 405 1205 447 haerentes,
1229 413 1260 441 et
1280 408 1312 441 in
1333 409 1474 452 quadam
1489 410 1679 443 sacerdotii⁸
1699 410 1767 444 eius

1023 460 1153 503 specula
1180 461 1359 503 constituti,
1391 462 1621 506 prohibeamus
1645 464 1767 506 illicita,

1023 518 1052 546 et
1073 514 1237 557 sequenda
1255 515 1440 549 doceamus.
1464 517 1554 550 [nde
1567 517 1696 551 directis
1708 529 1767 562 per

1022 565 1195 599 Traianum
1219 568 1454 602 subdiaconum
1484 576 1630 604 nostrum
1652 571 1766 605 litteris

1022 619 1251 661 admonemus,
1275 627 1310 654 ut
1335 633 1417 666 quae
1446 624 1530 656 male
1548 624 1558 639 ⁹
1583 631 1656 658 sunt
1685 626 1766 660 sacta

1022 673 1237 715 corrigantur.
1255 675 1291 707 Et
1306 675 1463 709 miramur
1479 678 1668 719 admodum,
1686 679 1764 712 dile-

1022 726 1161 760 ctionem
1184 733 1270 761 tuam
1290 729 1576 763 Barcinonensium
1594 731 1765 775 petitiones
1801 746 1965 775 Aseaunconui.

1021 790 1087 814 non
1110 782 1215 815 solum
1245 783 1334 816 nulla
1364 783 1553 817 auctoritate
1582 786 1761 827 retudisse,
1779 774 1870 793 mmmm
1888 775 1963 799 ⁰³³⁹*

1021 846 1133 869 verum
1164 836 1260 869 etiam
1280 835 1303 852 ¹⁰
1326 836 1457 870 directis
1480 838 1519 871 ad
1541 848 1599 871 nos
1628 839 1763 881 litteris,

1021 890 1366 924 consummationem¹¹
1381 892 1471 935 pravi
1490 892 1640 926 desiderii
1656 900 1767 937 postu-

1021 944 1114 985 lasse,
1136 944 1321 979 adhibendo
1342 946 1375 979 in
1396 946 1605 990 epistolarum
1619 948 1767 991 proemio

1022 997 1151 1031 concilii
1187 999 1407 1040 mentionem,
1447 1006 1612 1044 tamquam
1654 1002 1767 1045 culpae

1022 1052 1248 1086 minuerentur
1272 1064 1419 1088 excessus
1442 1065 1501 1099 per
1525 1055 1767 1090 multitudinem

1022 1106 1250 1150 imperitorum
1261 1106 1294 1149 ¹²,
1312 1119 1385 1141 cum
1404 1108 1429 1142 si
1444 1108 1541 1142 etiam
1561 1109 1620 1143 suh
1639 1110 1765 1152 signifi-

1023 1161 1150 1195 catione
1163 1162 1386 1207 unusquisque
1400 1163 1449 1196 sui
1469 1162 1641 1197 nominis¹3
1661 1170 1767 1198 tecum

1022 1215 1144 1259 pariter
1164 1216 1340 1258 retulisset,
1364 1222 1395 1250 et
1414 1217 1669 1261 subscriptiones
1693 1228 1768 1262 pro-

1022 1269 1109 1312 prias
1129 1270 1227 1303 factas
1247 1270 1364 1313 singuli
1386 1272 1647 1305 commodassent
1661 1270 1697 1312 ¹⁴,
1721 1272 1768 1305 di-

1022 1323 1194 1357 lectionem
1217 1330 1323 1358 tamen
1352 1330 1440 1358 tuam
1467 1325 1525 1366 rei,
1550 1326 1588 1359 dc
1607 1325 1704 1370 qua¹5
1721 1326 1769 1359 di-

1022 1377 1146 1421 splicet,
1170 1389 1297 1412 summa
1318 1379 1488 1421 tangebat;
1512 1379 1587 1423 quia
1604 1390 1663 1423 pro
1680 1381 1763 1420 loco,

1022 1436 1052 1464 et
1071 1431 1196 1465 honore
1220 1432 1277 1465 tibi
1303 1432 1412 1466 debito
1439 1433 1557 1466 caeteri
1585 1435 1767 1468 sacerdotes

1021 1485 1161 1519 docendi
1179 1486 1317 1527 fuerant,
1334 1497 1400 1520 non
1413 1487 1583 1531 sequendi.
1607 1488 1708 1526 Unde,
1726 1489 1767 1522 si-

1021 1544 1075 1572 cut
1088 1539 1121 1572 in
1135 1540 1341 1582 generalibus
1358 1540 1473 1574 litteris
1495 1541 1634 1574 indicari
1648 1540 1679 1583 ¹⁶,
1699 1543 1765 1577 Ire-
1807 1547 1864 1595 situ?
1883 1548 1965 1595 erge?-

1019 1603 1119 1626 naeus
1140 1594 1180 1627 ad
1199 1593 1367 1637 propriam
1388 1600 1568 1628 revertatur
1581 1596 1761 1638 ecclesiam,
1780 1580 1818 1600 Pu*
1836 1580 1846 1595 θ
1858 1581 1904 1600 ¹³⁰⁰
1922 1581 1953 1595 u..

1019 1651 1051 1679 et
1070 1646 1362 1680 Barcinonensilms
1383 1647 1421 1680 de
1439 1658 1497 1681 suo
1515 1649 1602 1682 clero
1616 1650 1765 1693 protinus

1020 1706 1228 1734 consecretur
1258 1701 1406 1742 antistes,
1431 1702 1481 1735 cui
1509 1708 1616 1735 tamen
1647 1708 1765 1737 statuta

1020 1766 1198 1797 canonum,
1226 1761 1257 1789 et
1281 1757 1459 1800 apostolica
1483 1762 1657 1802 praecepta
1682 1768 1762 1791 con-

1020 1809 1166 1843 cordent.
1187 1810 1224 1843 Et
1239 1809 1323 1851 licet,
1336 1809 1368 1842 hi
1386 1810 1440 1854 qui
1455 1816 1585 1854 praeter
1602 1811 1761 1852 notitiam,

1056 1954 1084 1981 11
1104 1954 1145 1981 Ita
1160 1954 1220 1981 cod.
1237 1954 1299 1981 Yat.
1322 1954 1400 1982 1340.
1426 1955 1599 1982 Laudnnens.
1624 1964 1686 1983 mss⁴
1706 1964 1765 1984 cum

1020 1998 1120 2035 plurib.
1140 1999 1201 2026 Vat.
1223 2000 1456 2034 consensionem;
1476 2001 1524 2027 sed
1549 2009 1709 2036 perperam,
1737 2005 1766 2027 ut

1020 2043 1127 2079 opinor.
1147 2044 1252 2071 Contin.
1269 2045 1408 2072 Constant.
1425 2046 1444 2072 l.
1462 2054 1484 2072 c.
1508 2045 1592 2081 praes.
1608 2046 1764 2080 coufirma-

1021 2090 1135 2125 tionem,
1157 2098 1241 2126 quum
1260 2090 1405 2122 Ascanius,
1423 2094 1449 2117 et
1463 2090 1528 2117 socii
1544 2091 1688 2126 petitiones
1703 2099 1765 2118 suas

1020 2134 1054 2161 ab
1075 2135 1165 2163 Hilaro
1185 2135 1319 2170 roborari,
1341 2143 1371 2162 ac
1392 2136 1546 2162 confirmari
1567 2135 1728 2163 desiderent.

1057 2180 1089 2207 12
1103 2179 1178 2207 Plur.
1194 2180 1273 2207 codd.
1286 2180 1344 2206 Vat.
1362 2180 1533 2214 ‘impiet-um,
1546 2180 1666 2215 aquibus
1684 2180 1762 2207 codd.

1022 2225 1089 2252 1340
1105 2229 1131 2252 et
1142 2225 1206 2251 3791
1221 2224 1392 2251 dissentiunt.
1408 2224 1491 2252 llard.
1508 2224 1760 2259 1⁴*ortepetc'torum

1021 2269 1062 2296 ΑΙ.
1084 2269 1292 2304 impolitorum.

1058 2314 1088 2341 13
1104 2314 1146 2341 Al.
1158 2314 1222 2341 edit.
1238 2314 1482 2349 subsiqnationcm
1492 2314 1539 2342 sui
1549 2315 1685 2343 nominis.
1698 2316 1763 2342 Per-

1021 2368 1113 2395 peram
1128 2359 1161 2386 ad
1177 2362 1245 2386 orat.
1262 2363 1380 2386 context.

1057 2405 1087 2431 14
1113 2405 1183 2431 Plur.
1208 2405 1277 2431 Vatt.
1304 2413 1364 2431 cum
1380 2404 1443 2432 Urb.
1471 2404 1521 2431 143
1537 2405 1762 2439 subscriptiones

1017 2450 1154 2485 proprias
1164 2451 1272 2484 fratres
1287 2449 1396 2484 sinyult
1411 2450 1663 2477 commendassent.
1679 2449 1760 2476 llard.

1019 2503 1081 2521 vcro
1097 2494 1242 2521 lectionem
1261 2494 1299 2521 ita
1319 2494 1415 2529 corrig.
1433 2497 1459 2522 el
1473 2495 1683 2530 subscriptione
1697 2503 1761 2530 pro-

1015 2540 1086 2575 pria
1100 2541 1208 2574 fratres
1225 2539 1335 2574 sinquli
1350 2539 1604 2567 commendassent.

1055 2584 1087 2611 15
1102 2584 1144 2611 Al.
1162 2584 1226 2611 edit.
1250 2593 1334 2619 quae.

1054 2630 1086 2657 16
1098 2629 1155 2656 vid.
1172 2637 1212 2665 ep.
1230 2637 1246 2655 v
1263 2630 1290 2656 S.
1312 2629 1395 2656 llilari
1410 2633 1474 2657 tom.
1492 2636 1515 2662 1,
1533 2637 1591 2665 pag.
1606 2629 1640 2657 50
1654 2633 1760 2656 nostrae

1017 2674 1080 2702 edit.
