2244 3183
67 233 115 259 An.
132 229 160 258 C.
182 229 232 257 457
252 241 253 244 ¹

93 558 190 578 Exitum
206 555 248 581 cpi-

67 584 125 610 scopi
139 583 249 609 perhuma-

67 612 119 633 nitor
125 609 250 636 excipiendi.

75 770 104 791 Aa
112 770 149 790 bos
157 768 246 789 litterae.

47 1365 52 1371 -
87 1355 246 1376 Clericarnmin

65 1382 148 1404 haeresi
176 1382 248 1402 conni-

67 1412 135 1430 renna
157 1414 248 1429 seierus-

65 1436 114 1457 siine
122 1435 247 1456 coercenda.

105 1675 184 1698 Quibus
208 1681 248 1695 non

66 1702 150 1727 pro-test
177 1707 249 1722 corre-

62 1728 115 1752 ·ctio,
125 1734 164 1749 non
174 1731 246 1754 parcat

66 1754 174 1776 abscissio.

924 226 950 250 S.
974 226 1037 250 LEO
1058 226 1068 251 1
1088 227 1139 251 ΡΡ.

263 280 376 320 perent
399 279 607 319 potestatem,
627 280 672 316 ut,
693 278 851 318 quantum
873 273 905 306 in
930 274 1006 317 ipsis

263 335 320 370 est,
348 329 443 362 latius
469 328 530 362 hoe
554 329 663 361 furore
681 327 688 344 ¹
709 327 879 367 saevirent,
908 338 1005 371 quem

263 384 378 416 fratres
402 388 432 415 ct
457 381 640 426 coepiscopi
665 381 782 422 nostri,
807 381 861 424 qni
887 381 926 413 ad
953 391 1006 414 vos

264 446 366 480 nuper
386 447 423 469 ex
448 435 580 480 Aegypti
606 435 750 479 partibus
782 435 956 476 confugere
981 433 1002 474 ²,

264 499 297 522 se
310 488 480 532 pertulisse
495 488 680 532 deplorant:
709 487 826 531 quibus
841 493 871 520 et
884 498 901 519 a
915 487 1003 520 cliri-

263 542 459 575 stianissimo
484 541 641 586 principe,
665 546 696 574 et
715 551 733 573 a
751 546 823 573 tuae
853 540 1003 573 fraterni-

265 595 339 628 tatis
363 594 374 610 ³
395 596 459 628 Deo
480 594 598 638 placita
623 593 777 627 charitate
795 594 909 627 solatia
932 593 1003 638 pie-

265 649 336 682 tatis
361 648 504 693 impendi
530 659 595 681 non
627 648 826 691 ambigerem
844 675 851 689 ,
880 647 1005 681 etiamsi

264 703 330 746 ipse
356 713 421 735 non
445 702 613 736 scriberes.
645 701 871 745 Opportunum
897 706 1003 733 autem

264 756 397 795 credidi,
421 761 457 789 ut
480 756 520 788 ad
542 755 628 799 ipsos
653 765 783 799 quoqne
807 754 927 798 scripta
952 754 1003 787 di-

264 810 403 852 rigerem
426 810 444 849 ⁵,
476 819 559 853 qnae
584 809 656 842 illos
681 808 803 852 possint
827 809 837 824 ᾗ
862 808 893 841 in
919 819 1007 842 com-

264 863 370 896 munis
395 862 469 896 fidei
490 862 657 906 proposito
682 862 849 903 roborare,
873 867 904 895 et
928 862 1006 906 quid

261 928 320 961 pro
346 916 501 960 patientia
526 927 583 949 sua
607 916 617 931 ‘³
640 927 781 960 superna
811 927 1003 949 remunera-

262 970 348 1003 tione
368 974 555 1003 mereantur
575 975 798 1011 agnoscerent,
826 969 907 1002 sicut
930 969 1006 1002 bea-

263 1029 311 1056 tus
346 1022 518 1066 Apostolus
557 1022 661 1062 docet,
701 1022 826 1055 dicens:
862 1022 1008 1065 Elrce'pe'tc

263 1077 374 1121 imque
398 1077 474 1109 illos
499 1087 571 1108 eum
593 1076 684 1109 emm?
701 1076 710 1092 ⁷
727 1075 851 1119 amidio
876 1077 912 1108 in
937 1077 1003 1109 Do-

262 1131 363 1169 mino,
380 1134 408 1162 ct
430 1129 621 1171 huiusmodi
634 1140 707 1161 cnm
722 1129 840 1161 honore
854 1128 963 1162 habete
982 1130 1002 1169 ⁸,

261 1184 419 1227 (sitoniam
433 1187 566 1226 propter
581 1182 679 1224 fidem
698 1183 822 1216 Christi
846 1193 948 1226 usqae
964 1182 1007 1215 acl

263 1240 395 1269 mortem
412 1239 611 1268 accesserant
627 1237 648 1268 ⁰.

306 1289 380 1322 CAP.
397 1289 436 1322 11.
460 1288 544 1322 Illud
564 1299 640 1321 sane
658 1288 835 1332 plurimum
858 1288 937 1321 mihi
960 1288 1007 1321 di-

261 1344 398 1387 splicere
418 1342 578 1386 significo,
607 1343 693 1386 quod
716 1342 799 1376 inter
824 1343 1007 1376 dilectionis

267 1403 338 1430 tuac
365 1396 498 1429 clericos
523 1395 656 1439 qnidam
678 1406 745 1429 esse
766 1396 927 1436 dicuntur,
952 1396 1006 1440 qui

263 1449 522 1483 adversariorum
558 1449 751 1482 conniveant
782 1449 949 1493 pravitati,
978 1455 1009 1483 et

263 1503 343 1536 vasis
367 1503 433 1536 irae
458 1513 532 1535 vasa
551 1502 793 1536 misericordiae
811 1502 834 1519 ¹⁰
853 1503 1009 1536 miscean-

264 1562 325 1589 tur.
359 1556 480 1595 Quibus
506 1555 756 1598 investigandis,
785 1562 815 1589 et
839 1556 1008 1589 severitate

264 1621 408 1653 congrua
430 1609 620 1643 coercendis
645 1609 741 1642 debet
765 1609 932 1652 diligentia
955 1615 1009 1643 tua

264 1663 432 1705 vigilanter
449 1662 606 1696 insistere:
625 1662 668 1695 ita
681 1668 714 1695 ut
728 1663 788 1704 liis,
805 1663 922 1707 quibus
933 1674 1009 1707 pro-

264 1717 354 1750 desse
374 1727 439 1749 non
460 1716 600 1760 potuerit
623 1716 793 1757 correctio,
818 1727 882 1749 non
899 1722 1009 1760 parcat

263 1770 427 1804 abscissio.
455 1769 589 1814 Oportet
613 1770 732 1803 etenim
753 1781 811 1804 nos
832 1771 1008 1813 evangelici

265 1823 448 1857 meminisse
474 1823 628 1864 mandati,
653 1824 741 1867 quod
762 1824 801 1856 ab
827 1824 895 1868 ipsa
917 1823 1008 1857 Veri-

265 1884 328 1911 tate
353 1877 569 1922 praecipitur,
603 1883 638 1911 ut
668 1878 694 1911 si
719 1888 778 1911 nos
802 1878 926 1918 oculus,
954 1884 1010 1910 aut,

264 1942 331 1975 pes,
360 1936 415 1964 aut
433 1931 562 1964 dextera
593 1931 855 1964 scandalizaverit
880 1942 1005 1972 manus,

263 1996 282 2018 a
306 1995 462 2029 compage
488 1985 633 2028 corporis
653 1986 830 2018 auferatur:
850 1985 927 2029 quia
942 1996 1008 2018 me-

300 2120 308 2145 1
332 2129 344 2142 «
364 2119 403 2145 At.
427 2119 536 2153 favore,
561 2118 733 2153 imperatoris
758 2126 854 2153 nempe
882 2117 908 2144 in
929 2126 1009 2153 quem

262 2159 409 2194 sperabant
419 2170 444 2185 ».
462 2158 580 2185 Cacciar.
595 2159 612 2185 l.
627 2167 662 2191 c.,
675 2158 716 2185 cni
730 2158 879 2186 sententiae
891 2167 922 2185 ex
938 2162 1006 2186 orat.

262 2203 388 2226 contextu
403 2207 457 2226 non
474 2198 644 2226 accederem.

301 2244 317 2270 2
337 2255 348 2268 «
369 2244 425 2271 Duo
455 2244 525 2270 Van.
554 2252 589 2270 eac
618 2243 745 2278 Aeyyplo
769 2244 960 2279 cousugycrunt
984 2254 1006 2271 v.

263 2289 382 2317 Cacciar.
400 2288 416 2315 l·
433 2297 457 2315 c.

298 2333 314 2360 3
334 2344 345 2357 ι(
360 2333 398 2360 ΑΙ.
417 2333 496 2360 Forte
512 2332 608 2359 melius
623 2341 640 2358 α
657 2333 935 2367 tuctfralcrnilnle».
948 2333 1008 2360 Bal-

263 2374 342 2401 lerin.
360 2378 386 2400 et
403 2373 522 2401 Cacciar.
540 2373 568 2399 tl.
585 2382 625 2399 cc.

298 2418 314 2445 4
331 2418 385 2445 Vid.
402 2426 493 2453 super.
516 2417 595 2453 epist.
616 2424 648 2443 cx
669 2425 728 2452 pag.
746 2417 807 2451 153,
825 2417 876 2444 eol.
894 2418 919 2444 2.

299 2464 315 2488 5
340 2473 352 2487 «
372 2462 430 2489 Vat.
448 2462 499 2489 545
512 2464 626 2496 possent
639 2472 664 2487 n.
682 2461 797 2488 Cacciar.
813 2469 873 2497 pag.
895 2461 958 2488 423.

299 2508 315 2534 ¹5
330 2506 369 2534 td.
391 2506 450 2534 cod.
470 2514 524 2541 per
535 2506 713 2541 patientiam
740 2514 825 2532 suam
840 2518 865 2532 υ.
888 2506 1006 2533 ‹lact-iar.

265 2548 318 2575 loc.
336 2547 380 2574 cit.

300 2592 314 2619 7
339 2602 352 2616 «
371 2591 460 2627 Antiq.
479 2590 544 2618 edit.
561 2590 659 2617 omittit
679 2590 759 2617 onzni
774 2600 800 2616 υ.
819 2589 914 2617 Ballcr.
929 2589 943 2617 l,
966 2599 990 2617 c.

299 2635 315 2662 8
332 2645 343 2661 α
355 2635 411 2663 Duo
419 2635 643 2670 Valt.eanulg.
656 2635 816 2663 habetote».
829 2634 973 2662 Cacciar.l.
985 2643 1008 2661 c.

1691 219 1755 252 ¹155

1039 275 1102 307 lius
1115 275 1154 308 sit
1168 275 1216 308 his
1236 275 1267 309 in
1288 276 1430 310 Ecclesia
1450 287 1560 310 carere
1587 276 1780 317 membris¹¹,

1040 338 1137 370 quam
1159 339 1232 361 curn
1253 329 1329 372 ipsis
1347 329 1378 361 in
1392 335 1523 363 aeterna
1545 330 1590 363 irc
1611 331 1779 375 supplicia.

1039 381 1117 413 Nan]
1154 382 1320 425 superfluo
1346 389 1432 415 extra
1465 383 1638 416 Ecclesiam
1672 385 1783 428 positis
1821 397 1983 418 musmones<

1040 433 1229 474 resistimus,
1253 435 1278 468 si
1299 436 1338 468 ab
1360 436 1420 476 liis,
1445 437 1500 480 qni
1526 437 1612 470 intus
1638 444 1722 477 sunt,
1751 438 1783 470 in
1798 424 1983 477 3¹.¹?1,llf-Tf.¹‚'¹¹}¹1ss.lsfi

1041 486 1085 519 eis
1102 497 1183 530 quos
1197 487 1373 531 decipiunt,
1388 489 1606 523 vulneramur.
1620 491 1783 524 Aliiicien-
1798 477 1983 524 ‘iiiia'i'ifst'iih'ifh'ss

1041 540 1081 572 da
1104 549 1237 583 prorsus
1256 541 1405 584 pestifera
1434 542 1511 575 baec
1542 554 1558 575 a
1589 544 1783 577 sacerdotali

1040 593 1149 635 vigore
1170 593 1325 636 patientia
1339 601 1396 635 est,
1413 606 1495 639 qnae
1512 596 1651 637 sibimet,
1672 608 1784 640 pecca-

1041 646 1080 679 tis
1105 647 1244 679 aliorum
1266 649 1449 691 parcendo,
1474 659 1538 682 non
1559 650 1671 693 parcit.
1696 651 1783 684 Sient

1040 699 1109 732 Heli
1142 700 1306 743 quondam
1334 701 1500 739 sacerdos,
1537 702 1678 735 filiorum
1708 714 1782 737 suo-
1826 716 1984 741 sena-ruam-

1800 746 1869 762 ¹*i·tittn
1887 750 1896 763 e
1913 750 1982 763 saver-

1042 763 1112 785 rum
1135 753 1250 786 delicta
1266 754 1444 791 tolerando,
1469 766 1541 787 cnm
1564 755 1640 799 ipsis
1659 757 1783 790 divinae
1799 758 1864 799 smel*
1894 773 1981 794 poſsim

1042 806 1179 840 iustitiae
1196 807 1387 840 sententiam
1406 808 1523 842 meruit
1544 810 1692 852 experiri3
1710 810 1785 854 qnia
1799 796 1930 816 ³¹¹¹¹⁶¹⁰¹¹³⁸⁴

1041 859 1130 902 segni
1166 859 1368 902 indulgentia
1397 861 1609 894 dissimulavit
1643 863 1784 906 plectere

1041 919 1238 957 peccatores.
1256 913 1417 952 Quantum
1439 915 1546 959 itaque
1561 917 1784 959 opportunitas

1042 966 1181 999 invitat¹²
1192 966 1300 1007 officii,
1314 967 1590 1010 religiosissimum
1605 969 1784 1013 principem

1042 1019 1170 1053 dilectio
1198 1025 1250 1053 tua
1275 1020 1399 1053 studeat
1429 1021 1644 1064 frequentare,
1669 1028 1697 1055 et
1720 1033 1784 1056 non

1041 1073 1145 1105 solnm
1167 1074 1301 1116 regiam,
1318 1074 1374 1107 sed
1389 1080 1417 1106 et
1439 1075 1671 1107 sacerdotalem
1686 1075 1785 1119 ipsius

1042 1133 1182 1159 mentem
1214 1127 1363 1171 precibus
1398 1127 1477 1160 meis
1509 1128 1681 1161 obsecrare
1706 1140 1782 1172 per·
1849 1143 1986 1166 naptham-15

1041 1179 1127 1213 siste:
1156 1186 1191 1213 ut
1216 1191 1342 1214 mernor
1366 1181 1548 1214 communis
1573 1182 1660 1222 fidei,
1689 1194 1784 1226 quam
1800 1168 1986 1220 lllllllll'sssslillt'i

1041 1233 1161 1277 Spiritu
1172 1234 1288 1267 Sancto
1301 1234 1436 1267 docente
1448 1235 1658 1279 suscepimus,
1677 1236 1786 1269 onmia
1801 1222 1896 1241 ”ndum

1042 1287 1278 1321 haereticorum
1305 1289 1566 1322 machinamenta
1591 1290 1782 1332 confringat3

1043 1350 1147 1384 neque
1168 1341 1341 1385 quicquam
1364 1341 1425 1374 illis
1446 1341 1477 1374 in
1498 1342 1646 1375 Ecclesiis
1668 1342 1783 1375 Christi

1043 1394 1139 1427 licere
1150 1394 1302 1438 patiatur,
1318 1406 1359 1428 ne
1373 1395 1403 1427 in
1417 1406 1528 1428 eornm
1548 1401 1705 1440 potestate
1723 1397 1786 1429 sint

1043 1447 1150 1480 divina
1171 1448 1332 1492 mysteria,
1353 1449 1470 1493 quibus
1485 1449 1516 1482 in
1532 1450 1629 1482 domo
1643 1450 1709 1490 Dei,
1727 1461 1785 1494 pro

1042 1501 1199 1534 scelerum
1227 1512 1359 1534 suorum
1387 1502 1620 1544 magnitudine,
1644 1514 1704 1536 nec
1728 1504 1785 1535 ha-

1042 1555 1165 1588 bitandi
1191 1555 1240 1588 ius
1266 1556 1395 1596 residet,
1424 1567 1482 1590 nec
1506 1557 1630 1589 orandi.

1085 1608 1164 1641 Data
1189 1608 1301 1652 quinto
1324 1609 1394 1642 idus
1405 1609 1426 1625 ¹³
1446 1609 1603 1649 Octobris,
1627 1611 1782 1644 Constan-

1044 1660 1109 1694 tino
1131 1667 1161 1694 et
1180 1662 1260 1694 Ruso
1281 1661 1356 1694 viris
1378 1661 1564 1694 clarissimis
1585 1663 1781 1696 consulibus.

1078 1713 1135 1740 Dat.
1153 1714 1196 1741 die
1218 1715 1245 1741 l'l
1271 1714 1405 1747 Octobris,
1423 1724 1466 1741 an.
1485 1715 1547 1742 457.

1819 230 1868 257 An.
1885 230 1912 257 C.
1932 231 1982 258 457

1243 1861 1426 1895 EPISTOLA
1453 1861 1531 1895 tzxtt
1551 1861 1581 1894 ¹¹.

1046 1931 1116 1965 Post
1139 1932 1429 1966 Chalcedonensem
1454 1933 1616 1976 synodum,
1641 1934 1690 1966 nil
1716 1945 1785 1966 (llll-

1085 1986 1173 2029 plz'us
1186 1997 1249 2019 esse
1262 1986 1499 2019 discutiendum
1521 1987 1699 2022 inculcans.
1716 1988 1741 2020 „t
1751 1999 1786 2019 n-

1077 2121 1093 2147 9
1114 2121 1210 2157 Philip.
1227 2128 1255 2155 11,
1271 2122 1315 2156 ⁹20,
1333 2121 1379 2148 ubi
1399 2122 1477 2156 ang.
1495 2122 1567 2157 legit.
1588 2132 1597 2147 ‹
1617 2122 1784 2156 Iis-ripae...

1042 2168 1177 2201 [sitoniam
1194 2170 1316 2202 propter
1333 2175 1402 2202 opus
1425 2167 1534 2195 Christi
1555 2178 1614 2193 .....

1080 2214 1112 2239 to
1128 2212 1246 2238 Caci-iar.
1273 2221 1333 2238 cuni
1357 2211 1440 2246 antiq.
1458 2211 1522 2238 edit.
1547 2215 1572 2237 et
1589 2220 1651 2237 mss.
1677 2211 1734 2238 Vnt.
1758 2214 1784 2239 el

1042 2266 1109 2284 vasa
1129 2257 1190 2284 irae
1212 2256 1284 2283 vasis
1302 2256 1527 2283 misericordiae.
1546 2257 1613 2282 Sane
1631 2264 1784 2290 perperam.

1081 2302 1106 2327 tt
1131 2300 1251 2327 Cacciar.
1269 2300 1286 2326 l.
1305 2308 1328 2326 c.
1351 2308 1410 2326 cnm
1432 2299 1490 2326 rod.
1514 2299 1596 2326 Crini.
1615 2300 1719 2333 assiriis
1742 2308 1787 2324 ca-

1043 2349 1104 2368 rere
1116 2341 1322 2367 membrorum.
1337 2340 1444 2366 Rectius
1456 2339 1488 2366 ad
1500 2348 1556 2366 reni
1568 2339 1645 2366 videt·
1658 2348 1683 2365 nt
1696 2338 1785 2370 lentim

1042 2381 1174 2417 siqnidem
1197 2380 1239 2407 liic
1255 2389 1306 2407 non
1323 2380 1356 2407 de
1373 2379 1549 2415 suspensione
1566 2379 1598 2406 ab
1616 2379 1721 2411 ofliciis,
1739 2379 1784 2405 scd

1042 2422 1074 2448 de
1088 2421 1259 2448 anathemate
1276 2429 1363 2447 sermo
1380 2425 1430 2447 est.

1078 2466 1112 2492 21⁶2
1128 2465 1246 2492 (lat-clar.
1265 2465 1281 2491 l.
1299 2474 1320 2491 c.
1336 2465 1481 2492 invitavit.

1078 2511 1111 2536 tsi
1134 2520 1144 2534 α
1163 2509 1203 2535 ΑΙ.
1223 2509 1320 2544 pridie
1347 2510 1460 2536 Idus-⁴».
1487 2508 1615 2535 Ballerin.
1632 2508 1683 2534 col.
1704 2508 1782 2541 1319,

1043 2550 1112 2577 idest
1134 2550 1165 2575 tt
1186 2549 1322 2576 octobris.

1082 2595 1111 2621 tt
1129 2593 1164 2619 lix
1191 2593 1256 2620 edit.
1279 2593 1406 2620 ballerin.
1425 2594 1496 2628 Opp.
1514 2594 1540 2620 S.
1559 2593 1662 2620 Leonis
1679 2596 1741 2618 toni.
1766 2599 1784 2624 1,

1045 2634 1096 2661 rol.
1117 2634 1190 2661 tssssl.
