2244 3183
489 181 553 215 448
986 191 1138 215 ,levemus
1163 191 1314 215 neeman
1332 191 1452 216 nonani

459 239 602 273 moribus
619 245 650 273 et
667 239 835 272 sanctitate
860 240 1013 281 fulgeret:
1037 239 1124 282 quod
1146 249 1197 271 us-
1231 244 1262 271 et
1279 239 1472 282 coepiscopo
1491 244 1601 272 nostro
1618 239 1798 283 Epiphanio
1818 239 1968 284 pacifica-

259 189 309 216 An.
325 190 354 216 C.
374 189 426 217 520

306 884 388 904 Pariter
404 884 441 905 ini-

227 933 230 936 ·
258 916 320 936 quum
334 912 441 931 estlwno-

257 943 300 958 rem
315 937 369 958 bene
380 938 441 959 int-ri-

258 966 284 983 tis
305 970 383 990 negare
395 981 399 988 ,
414 970 440 985 :tc

257 992 376 1012 concedere
387 992 441 1012 indi-

257 1018 309 1043 gnis,

266 1682 382 1702 Pet-lectam
391 1688 439 1702 con-

256 1708 351 1729 cordium
367 1715 440 1735 precu-

457 303 519 335 ‹1ue
530 293 611 326 adeo
628 302 662 325 se
680 292 828 324 oninium
850 291 944 324 bonis
957 291 965 307 ¹
980 291 1077 333 (sicut.
1091 297 1121 323 et
1142 302 1197 324 ros

457 345 610 387 asseritis)
642 344 758 377 imbuit
786 344 953 384 institutis,
992 349 1026 377 ut
1061 354 1126 377 uon
1158 344 1197 377 sit

458 398 570 431 fortius
585 398 707 431 meritis
721 398 951 437 testimonium,
975 409 1072 441 quam
1092 398 1123 430 in
1140 398 1197 431 lto-

457 461 568 483 norem
601 451 777 484 sacerdotis
806 451 963 484 adscitum
984 451 1005 484 ².
1037 451 1118 490 Quid
1151 457 1198 484 est

456 503 555 544 enim,
583 504 670 547 qnod
694 504 732 537 de
750 514 787 537 eo
808 504 966 537 habeatur
993 504 1193 545 ambiguum,

457 556 488 588 in
509 567 574 600 quo
595 557 634 590 de
651 557 744 590 bonis
765 557 909 591 moribus
929 557 987 591 sub
1006 557 1197 601 probatione

456 610 557 642 tactae
586 610 779 643 concordiae
803 616 1030 654 praesuscepta
1054 616 1129 644 sunt
1148 611 1196 643 di-

457 662 570 695 rina³⁸l
595 663 799 707 Quapropter
821 664 924 696 facitis
944 669 1065 704 sancte,
1095 664 1197 697 facitis

458 716 618 758 religiose,
643 716 745 750 facitis
766 717 828 760 pie,
853 718 938 761 quod
966 717 1089 750 veritati
1113 718 1198 750 testi-

458 769 603 802 monium
618 770 756 804 libenter
776 771 973 814 impenditis,
997 771 1085 815 quod
1106 782 1198 815 prac-

457 823 558 856 mium
584 823 666 857 bcne
702 824 825 857 meritis
855 834 920 857 non
952 825 1087 867 negatis.
1119 824 1198 864 Quia

457 876 541 910 idem
568 887 659 910 error
683 883 730 911 est
751 883 857 912 tacere
876 878 1057 918 veritatem,
1076 878 1131 922 qui
1152 884 1196 912 cst

457 930 542 963 salsis
555 931 717 971 assistere,
741 937 771 964 et
791 932 903 965 eadem
924 932 1080 965 iniustitia
1092 938 1149 971 est⁷
1173 932 1197 964 si

455 989 592 1027 negetur
611 984 717 1018 honor
733 985 879 1018 moribus
898 985 1035 1029 placitis,
1057 996 1140 1029 qnae
1153 993 1197 1019 est

455 1037 481 1070 si
495 1039 692 1072 concedatur
706 1039 856 1082 indignis.
870 1040 997 1073 Certum
1013 1045 1071 1081 est,
1088 1050 1196 1073 aman-

458 1091 592 1130 tissimi,
627 1092 812 1136 participari
838 1103 892 1126 vos
920 1104 993 1126 cum
1023 1094 1199 1127 sacerdotis

457 1144 606 1178 laudibus
625 1146 789 1187 intimatis,
810 1147 886 1190 quia
911 1147 998 1180 omni
1021 1148 1199 1181 fraternita-

457 1197 495 1230 tis
515 1204 637 1232 vestrae
658 1199 764 1232 ordini
791 1200 1026 1241 transcribitur,
1054 1201 1142 1244 quod
1167 1201 1197 1233 in

455 1261 533 1291 uno,
558 1262 654 1295 quem
683 1263 720 1285 ex
745 1253 834 1286 vobis
859 1253 1010 1296 elegistis,
1032 1264 1100 1287 esse
1125 1255 1196 1287 lau-

456 1303 560 1337 datur.
584 1305 666 1338 Deus
683 1306 889 1349 omnipotens
903 1306 977 1340 fidei
995 1317 1072 1340 suae
1086 1317 1197 1351 pacem

454 1357 513 1390 sub
545 1358 758 1401 perpetuitate
784 1369 976 1393 conservans
1008 1361 1197 1394 electionem

454 1410 761 1456 ordinationemque
790 1419 946 1453 vestram,
983 1425 1079 1457 quani
1116 1414 1196 1448 insi-

454 1466 617 1499 nuandam
646 1466 720 1500 Sedi
742 1467 946 1510 Apostolicac
967 1479 1025 1512 per
1044 1469 1196 1502 Ioannem

454 1518 585 1552 Fratrem
615 1525 645 1552 et
677 1520 908 1565 coepiscopum
940 1527 1100 1563 nostrum,
1138 1533 1199 1557 nec

454 1581 519 1604 non
546 1578 576 1605 et
594 1573 820 1607 Heraclianum
842 1575 1079 1619 presbyterum,
1103 1581 1198 1620 atque

454 1618 699 1658 Constantinum
721 1626 896 1661 diaconum
910 1628 991 1661 filios
1001 1634 1128 1663 nostros
1149 1640 1199 1662 re-

454 1677 566 1720 ligiose
584 1679 778 1720 credidistis,
796 1686 882 1714 tanta
897 1681 1049 1715 tirmitatc
1063 1684 1196 1716 consor-

458 1736 511 1772 tet,
547 1731 590 1765 ita
615 1738 646 1765 ct
666 1733 812 1766 omnium
832 1734 842 1750 '¹
862 1734 1118 1769 discordantium
1144 1737 1197 1769 lu-

456 1785 597 1818 ctamina
617 1786 766 1827 disiiciat‚
788 1787 831 1820 ita
852 1788 1074 1822 dissidentium
1101 1791 1199 1824 corda

457 1845 656 1882 compescam
677 1845 708 1873 et
728 1841 1003 1884 quemadmodum
1025 1843 1083 1876 sub
1104 1844 1199 1878 fratre

493 1966 502 1990 1
524 1965 583 1992 «Se
594 1966 665 1993 olim
676 1966 758 1994 bonis
770 1976 781 1993 i>
796 1967 882 1995 Caras.
893 1976 954 1994 cum
966 1976 1013 1994 nn.
1026 1968 1102 1996 codd.
1119 1969 1198 2003 3787,

456 2009 536 2036 4961.
558 2009 638 2037 Forte
653 2010 686 2037 ad
702 2019 774 2038 sens.
791 2011 890 2048 aptius.

490 2053 506 2080 2
523 2054 631 2082 Planius
646 2063 732 2090 qnam
747 2057 822 2091 quod
838 2066 855 2084 α
871 2058 946 2084 vobis
961 2058 994 2085 in
1005 2058 1143 2086 honorem
1152 2068 1199 2086 sa-

456 2098 577 2127 cernetis
591 2100 681 2134 fuet-il
697 2101 847 2129 adscitum.

491 2142 508 2168 3
523 2143 588 2170 Cod.
605 2151 631 2170 n.
651 2144 720 2172 4965
734 2145 830 2179 sactae
853 2146 1023 2174 concordiae
1036 2155 1201 2181 praesusce-

453 2189 521 2220 ptae
545 2191 612 2215 sunt
635 2188 750 2222 divincit,¹
765 2189 825 2217 cod.
842 2194 932 2218 autem
947 2191 1016 2219 3787
1032 2193 1123 2226 seclae
1138 2200 1201 2218 con-

456 2231 572 2258 cordiae
592 2237 814 2268 praesusceptae
828 2255 892 2262 ......
908 2237 976 2263 sunl
992 2236 1103 2263 divina.
1121 2235 1200 2262 Forte

456 2273 564 2310 legend.
584 2277 638 2304 «in
653 2285 707 2312 quo
723 2279 756 2305 de
772 2279 853 2306 bonis
874 2281 1001 2308 moribus
1023 2281 1074 2307 sub
1095 2283 1200 2316 proba-

457 2319 532 2346 tione
565 2322 659 2355 factae
688 2324 857 2351 concordiae
879 2328 1082 2361 praesuscepta
1111 2335 1200 2361 arqu-

457 2367 554 2392 menla
569 2368 635 2393 sunl
651 2366 754 2394 divina
764 2370 776 2394 “l
791 2379 803 2393 ι)

492 2408 508 2434 lt
525 2418 536 2434 α
550 2409 586 2437 El
601 2411 642 2438 ila
656 2413 789 2440 omnium
804 2424 830 2440 ».
848 2414 936 2442 Caras.
953 2423 1023 2441 cum.
1040 2415 1086 2442 cit..
1103 2415 1181 2442 codd.

495 2458 512 2485 5
528 2456 564 2484 De
583 2455 634 2483 hac
654 2457 790 2485 notatione
811 2459 946 2494 ipsissima
964 2459 1094 2487 Ballerin.
1117 2459 1200 2488 verba

458 2501 565 2528 lectoris
597 2501 780 2536 perspicaciae
809 2502 982 2537 subiicimus,
1013 2512 1095 2540 quem
1128 2507 1200 2531 certe

457 2547 549 2582 quanti
566 2547 671 2574 valcant
689 2547 728 2574 vel
743 2547 799 2583 ipsa
815 2548 853 2574 rei
870 2549 1047 2584 probabilitas
1063 2549 1197 2576 edocebit.

460 2602 470 2616 a
484 2594 578 2624 Quum
593 2593 660 2619 haec
676 2593 797 2627 notatio,
814 2593 938 2628 inquiunt
953 2594 1022 2629 apud
1039 2593 1124 2629 llligue
1142 2594 1200 2620 Pa-

1232 290 1326 323 tionis
1351 291 1462 324 datum
1494 296 1542 324 est
1571 291 1737 332 indicium,
1768 292 1970 334 gratulemur

1231 343 1390 377 effectum.

1274 396 1352 430 Data
1372 407 1415 431 vn
1438 397 1590 430 kalendas
1609 397 1738 442 Aprilis,
1760 397 1887 432 Valerio
1904 398 1970 431 viro

1231 449 1410 484 clarissimo
1428 451 1571 484 consule.

1267 502 1326 530 Dat.
1344 503 1386 530 die
1405 504 1440 530 26
1459 504 1556 539 Martii,
1573 512 1615 532 an.
1633 505 1694 532 521.

1275 556 1370 590 Gesta
1409 557 1440 591 in
1475 569 1570 592 causa
1599 558 1797 592 Abundantii
1828 558 1970 602 episcopi

1231 608 1504 653 Traianopolitani
1523 611 1554 643 in
1572 611 1691 645 scrinio
1712 611 1868 645 habemus
1879 612 1900 644 ⁵.

1414 781 1598 816 EPISTULA
1624 782 1751 816 LXXVII
1764 783 1785 815 ⁶.

1233 878 1320 911 Licet
1349 879 1489 922 probata
1517 879 1643 912 Iustini
1666 879 1784 922 reliqio
1809 880 1975 914 humanae

1277 932 1387 964 laudis
1408 933 1542 965 stimulo
1566 943 1632 966 non
1652 932 1812 976 indigeat,
1836 933 1907 966 eius
1927 937 1974 966 la-

1276 996 1349 1018 men
1358 986 1371 1018 i
1374 997 1395 1019 n
1406 986 1602 1019 catholicam
1612 986 1708 1028 fidem
1720 986 1873 1029 beneficia
1884 987 1976 1030 qrati

1276 1040 1385 1072 am'mi
1412 1050 1486 1083 erqo
1510 1045 1667 1080 recenset,
1700 1040 1912 1084 eumdemque
1931 1041 1975 1074 ctd

1274 1093 1447 1135 perfectam
1467 1093 1629 1126 Ecclesiae
1645 1103 1760 1135 pacem
1776 1093 1976 1126 reddendam

1276 1146 1408 1178 enixius
1443 1145 1616 1188 impellens
1650 1146 1688 1178 cle
1711 1146 1909 1189 recipiendis
1939 1147 1976 1180 in

1276 1195 1454 1232 Ecclesiam
1479 1199 1668 1242 Epiphanio
1688 1200 1850 1244 scriplum
1868 1200 1975 1244 siqni-

1276 1252 1364 1294 sicat.

1380 1333 1535 1361 Hormisda
1552 1333 1665 1361 Iustino
1684 1334 1828 1369 Augusto.

1276 1415 1349 1449 Scio
1374 1416 1528 1460 quidem,
1561 1415 1754 1450 venerabilis
1785 1415 1973 1460 imperator,

1233 1469 1438 1502 clementiam
1464 1475 1551 1502 tuam
1579 1469 1776 1503 conscientia
1795 1469 1873 1502 boni
1892 1479 1974 1513 ope-

1233 1522 1276 1555 ris
1304 1528 1426 1555 tantum
1455 1533 1523 1556 esse
1549 1528 1752 1563 contentam;
1780 1533 1840 1556 nec
1860 1522 1892 1555 in
1912 1522 1973 1563 his,

1233 1587 1316 1620 quac
1336 1587 1395 1620 pro
1416 1576 1594 1610 catholicae
1613 1576 1773 1610 Ecclesiae
1788 1575 1912 1609 unitate
1926 1576 1975 1609 di-

1232 1630 1393 1674 sponitis⁷,
1408 1629 1560 1663 humanis
1575 1629 1727 1663 laudibus
1747 1629 1904 1672 indigere,
1925 1630 1976 1663 et⁸

1234 1683 1342 1725 magni
1363 1683 1460 1717 studii
1487 1683 1590 1725 gloria
1617 1693 1682 1716 non
1705 1683 1803 1726 digna
1822 1693 1976 1716 remune-

1235 1737 1358 1770 ratione
1389 1737 1530 1770 vilescat.
1561 1736 1692 1775 Quanta,
1713 1741 1760 1770 est
1784 1736 1869 1769 enim
1892 1736 1977 1770 circa

1234 1801 1306 1824 eum
1328 1791 1461 1824 humani
1482 1802 1608 1824 summa
1626 1790 1802 1835 praeconii,
1826 1789 1877 1823 cui
1898 1800 1976 1824 con-

1235 1845 1305 1887 tigit
1326 1851 1483 1878 terrarum
1507 1855 1604 1888 regna
1625 1844 1802 1884 committi,
1819 1854 1918 1887 quum
1938 1853 1976 1877 eo

1234 1972 1335 2005 [rozoy.
1360 1973 1425 1997 tom.
1447 1976 1500 2002 ινῐ,
1520 1969 1570 1997 col.
1589 1969 1650 2004 180,
1666 1969 1743 1997 nihil
1757 1975 1908 1996 commune
1923 1968 1976 1996 ha-

1234 2016 1295 2044 beat
1309 2024 1357 2043 nec
1368 2024 1433 2042 cum
1445 2015 1642 2050 praecedenti,
1658 2022 1708 2041 nec
1718 2022 1784 2041 cum
1794 2012 1978 2048 subsequenti

1233 2061 1354 2096 epistola
1371 2059 1552 2093 Hormisdae,
1569 2059 1601 2087 in
1622 2059 1724 2094 quibus
1740 2059 1773 2085 cle
1789 2058 1977 2086 Abundantio

1233 2105 1307 2132 nihil
1320 2105 1428 2139 aqitur,
1445 2112 1461 2131 a
1481 2104 1627 2131 collectore
1650 2103 1783 2138 apposita
1808 2102 1930 2136 videtur,
1945 2104 1978 2130 ut

1233 2149 1377 2176 indicaret
1390 2157 1418 2175 se
1433 2148 1466 2175 in
1480 2147 1596 2175 scriniis
1607 2147 1745 2174 Romanis
1760 2155 1795 2173 ca
1809 2149 1886 2181 qesta
1896 2154 1978 2181 repe-

1233 2194 1315 2225 risse,
1330 2201 1402 2228 quae
1413 2195 1504 2220 tamen
1514 2199 1582 2220 suae
1591 2191 1751 2219 collectioni
1759 2189 1911 2218 inserenda
1919 2198 1977 2217 non

1234 2238 1356 2265 credidit
1369 2247 1392 2264 ν.

1268 2282 1285 2309 6
1305 2281 1342 2308 Ex
1361 2281 1445 2308 Labb.
1464 2281 1571 2309 Concu.
1590 2281 1704 2308 Collect.
1722 2283 1786 2307 tom.
1803 2287 1829 2314 v,
1845 2279 1897 2306 col.
1914 2279 1976 2307 680.

1270 2326 1283 2352 7
1309 2325 1485 2360 «Disponis»
1504 2325 1600 2353 Barou.
1623 2325 1718 2360 Aptius
1734 2324 1767 2351 ad
1787 2324 1834 2351 illa
1852 2324 1977 2355 clemen,-

1234 2370 1308 2398 ciam
1328 2373 1417 2398 luam.

1269 2415 1286 2441 8
1305 2414 1388 2442 Codd.
1403 2423 1439 2441 nn
1460 2415 1540 2448 3787,
1557 2414 1622 2442 4961
1637 2422 1779 2450 perperam
1790 2413 1824 2441 ad
1835 2414 1929 2447 locut.,
1946 2416 1978 2440 ut

1235 2460 1350 2487 videtur.
1367 2460 1474 2486 Rectius
1485 2459 1520 2487 al.
1537 2468 1573 2486 ne
1588 2459 1691 2495 mamm*
1700 2459 1795 2487 studii
1809 2459 1904 2493 gloria
1918 2466 1977 2484 non

1234 2505 1322 2539 «liqna
1342 2504 1582 2532 remuneratione
1597 2505 1724 2532 vilescat.
1746 2502 1828 2530 Nobis
1843 2502 1876 2529 ad
1893 2502 1974 2530 locut.

1233 2553 1294 2584 apte
1315 2548 1459 2584 legendum
1481 2548 1635 2575 videretur:
1657 2550 1683 2576 el
1698 2547 1799 2581 onaqni
1813 2546 1903 2574 studii
1918 2546 1976 2580 91⁰-

1233 2594 1313 2621 riam
1338 2601 1394 2620 non
1414 2593 1503 2627 cliyna
1523 2591 1758 2620 remuneratione
1778 2591 1923 2618 vilescere.

2016 1415 2172 1443 lustinipietati
2198 1423 2200 1427 ’

1990 1444 2086 1464 sttmutus
2101 1443 2174 1465 huma.-

1991 1475 2032 1491 nae
2050 1469 2119 1491 laudis
2133 1475 2173 1492 uon
2187 1478 2192 1484 ·
2235 1475 2236 1480 ¹

1991 1497 2108 1518 adden-tus.
2230 1500 2232 1507 ⁸
