2244 3183
262 237 314 263 An.
332 235 360 264 C.
376 236 427 263 472

310 1466 325 1486 E
340 1471 449 1495 succeso-

266 1499 309 1513 rum
326 1495 405 1522 uirtute·
419 1499 450 1512 re-

266 1526 299 1545 gut
320 1523 448 1545 [wi-crinitae.

280 1732 377 1758 Synndnz
389 1737 451 1752 necn-

266 1765 348 1780 mrmca
355 1765 374 1778 in
381 1758 451 1778 dubiis

266 1785 410 1806 tantummodo
419 1791 452 1804 ro-

267 1813 341 1839 gemla.

491 227 554 261 ⁶208

462 286 608 329 pationes
621 284 766 329 publicas
784 284 883 328 quieti
899 285 1134 318 ecclesiasticae
1147 285 1205 318 ali-

463 350 541 383 quas
560 339 712 372 inimicus
733 338 886 371 moliatur
907 338 1049 372 insidias:
1074 338 1205 381 integri-

463 393 517 425 tati
553 403 628 425 suae
667 392 916 425 Alexandrinam
948 392 1039 425 reddi
1065 397 1205 436 praestet

462 445 646 487 Ecclesiam,
679 451 708 478 et
739 445 824 479 beati
857 446 951 479 Marci
985 445 1204 488 Evangelistae

461 499 537 532 sede
564 498 700 539 hostem,
727 498 990 542 parricidamque
1019 499 1201 542 propellat3

462 557 492 584 et
513 552 653 594 qualiter
669 551 847 585 catholicae
867 552 943 585 fidei
964 552 1204 585 teneaturinte-

462 605 571 647 gricas,
595 605 626 638 in
644 606 864 649 penetralibus
877 606 968 639 aulae
981 616 1058 639 suae
1071 606 1205 648 dignan-

464 664 511 692 ter
532 659 682 702 inquirat:
700 670 783 703 quac
796 669 835 693 ne
850 659 960 703 aliqua
981 659 1114 692 forsitan
1129 659 1204 692 fidei

463 712 667 745 aemulorum
700 712 811 745 fraude
848 712 1001 745 vitientur
1018 739 1025 753 ‚
1059 712 1134 745 licet
1173 711 1204 744 in

463 765 622 799 Ecclesiae
643 771 716 799 tuae
733 766 856 809 possint
873 765 1000 798 seriniis
1021 764 1029 781 ¹
1053 765 1202 806 inveniri,

465 825 570 852 tamen
591 820 788 863 exemplaria
808 820 965 861 misimus,
988 830 1070 863 quae
1095 819 1204 863 pietati

465 872 564 916 ipsius
584 873 793 917 praeparabis
813 873 824 890 ‘²
844 873 970 907 offerre.

506 927 587 960 Nota
598 937 739 970 namque
753 933 783 961 et
796 927 946 960 omnibus
961 927 1026 960 illic
1038 926 1205 971 potestati-

463 980 522 1013 bus
555 980 726 1022 celebrata,
756 991 838 1024 qnae
869 986 997 1014 sanctae
1029 980 1205 1013 memoriae

462 1034 692 1077 praedeeessor
704 1045 794 1067 meus
804 1035 867 1067 Leo
882 1035 921 1067 ad
935 1034 1204 1068 consultationem

463 1093 618 1130 augustae
629 1087 862 1121 recordationis
877 1087 991 1121 Leonis
1004 1087 1170 1132 scripserit
1180 1087 1202 1128 ⁸,

463 1147 494 1174 et
514 1152 612 1185 quam
638 1147 830 1174 veneranter
854 1148 986 1185 accepta
1006 1142 1079 1180 sint,
1108 1151 1202 1174 reco-

466 1201 642 1237 gnoscant:
674 1201 828 1240 appareat
856 1195 901 1228 sic
925 1196 974 1237 (ut
999 1194 1206 1237 confidimus>

464 1250 532 1282 eius
552 1249 792 1290 imitatorfidei,
810 1249 911 1287 cuius,
923 1248 1119 1292 propitiante
1130 1249 1206 1289 Deo,

466 1302 594 1345 dignior
628 1308 674 1335 est
706 1312 872 1335 successor
901 1301 1053 1345 imperii;
1081 1301 1206 1344 sibique

464 1356 619 1399 scriptum
633 1356 789 1395 aestimet,
806 1354 966 1399 quidquid
986 1360 1059 1388 ante
1073 1365 1106 1387 se
1119 1354 1207 1398 prin-

470 1410 595 1454 cipibus
615 1410 669 1454 pia
689 1415 735 1443 est
755 1410 907 1442 traditum
927 1408 1076 1442 lectione.
1093 1408 1151 1441 llla
1161 1413 1208 1441 est

465 1474 605 1507 namque
624 1463 820 1507 perennitas,
844 1462 1000 1506 regnique
1013 1472 1071 1506 per
1090 1461 1206 1495 seriem

465 1517 674 1562 propaganda
704 1517 883 1561 posteritas,
916 1516 941 1549 si
965 1516 997 1548 in
1022 1525 1207 1549 successore

467 1571 630 1614 reperitur
653 1570 675 1611 ⁴,
705 1571 792 1614 qnod
824 1580 842 1603 a
871 1570 1121 1614 praedecessore
1146 1568 1204 1601 de-

466 1624 600 1658 scendit.

510 1678 629 1711 Hortor
649 1687 736 1719 ergo,
753 1677 850 1710 frater
863 1677 1038 1718 carissime,
1054 1682 1090 1710 ut
1104 1676 1208 1709 modis

467 1730 619 1764 omnibus
647 1730 813 1763 faciendae
840 1730 952 1774 synodi
981 1739 1206 1774 perversorum

467 1784 637 1817 conatibus
649 1784 835 1825 resistatur3
856 1794 939 1827 quae
956 1794 1021 1817 non
1035 1784 1113 1817 alias
1126 1794 1209 1816 sem-

467 1849 526 1882 per
540 1838 659 1871 indicta
673 1843 731 1878 est,
752 1838 813 1870 nisi
831 1848 904 1870 cum
920 1837 1042 1881 aliquid
1054 1837 1084 1870 in
1102 1837 1208 1881 pravis

466 1893 612 1926 sensibus
636 1903 767 1933 novum,
792 1898 846 1925 aut
870 1893 903 1925 in
928 1892 1104 1926 assertione
1124 1891 1206 1933 dog—

466 1952 587 1979 matum
615 1946 746 1980 emersit
765 1946 968 1988 ambiguum:
996 1950 1032 1979 ut
1056 1945 1089 1978 in
1114 1955 1206 1978 com-

466 2009 564 2033 mune
596 1999 823 2041 tractantibus,
852 1999 878 2033 si
903 2010 986 2043 quae
1004 2000 1015 2016 ⁵
1040 2004 1121 2033 esset
1146 1998 1206 2032 ob-

503 2154 514 2179 4
534 2152 600 2179 Cod.
617 2152 663 2179 cit.
677 2151 711 2179 ‘in
727 2155 775 2180 tuo
787 2152 899 2187 possint
914 2151 1021 2179 scrinio
1035 2150 1173 2179 inveniri.

503 2199 518 2224 2
533 2198 573 2225 Ita
588 2197 683 2225 Ilaron.
708 2206 768 2224 cum
788 2197 823 2224 al.
840 2197 878 2224 td.
905 2197 964 2224 cod.
986 2200 1013 2223 et
1032 2196 1123 2232 quidd-
1144 2196 1209 2223 edit.

467 2242 646 2277 properabis.
667 2242 745 2268 Certe
761 2241 866 2268 melius.

503 2286 518 2313 3
534 2286 560 2313 S.
582 2286 679 2313 Leonis
694 2286 744 2312 litt.
761 2286 849 2312 innuit
863 2292 928 2318 exn,
945 2294 1005 2321 pag.
1021 2285 1071 2313 155
1086 2285 1136 2312 col.
1154 2285 1170 2311 Ξ
1186 2288 1212 2312 et

468 2337 551 2365 cxvii,
572 2339 632 2366 pag.
656 2330 705 2357 163
721 2330 772 2357 col.
792 2331 808 2357 2
827 2330 908 2358 huius
924 2330 1021 2358 volum,

503 2376 519 2402 4
540 2375 587 2402 Cit.
611 2375 670 2402 eod.
690 2376 841 2410 repererit.

504 2421 520 2447 5
536 2419 587 2446 Cit.
606 2419 666 2447 cod.
687 2420 711 2446 si
727 2429 796 2454 (succ.

505 2464 520 2490 (3
540 2475 551 2488 ι(
566 2464 643 2490 Solus
658 2463 741 2490 Lahb.
763 2464 837 2491 addit
851 2473 924 2498 reos,
940 2463 1041 2491 caeteri
1060 2464 1212 2491 damnatos

469 2509 621 2537 restituere
632 2519 658 2535 ι.
671 2508 746 2536 Cont.
764 2508 902 2536 Constant.
920 2509 938 2536 l.
951 2518 987 2544 e.,
1005 2509 1047 2536 cui
1062 2508 1212 2536 sententiae

470 2557 564 2581 noster
579 2553 639 2581 eod.
660 2553 799 2581 adhaeret.

506 2599 520 2625 ’ἶ
539 2598 580 2626 Al.
601 2599 705 2626 causis.
723 2598 817 2634 Aptius
836 2598 869 2626 ad
889 2607 947 2626 rem
967 2607 993 2626 n.
1015 2598 1106 2626 lectio.

505 2644 521 2670 8
536 2642 587 2670 Cit.
603 2642 663 2670 cod.
680 2645 822 2671 nostrum.

979 239 995 261 Α
1001 237 1133 262 PPENDlx
1158 236 1309 262 BULLARII
1328 237 1449 262 ROMANI

2009 234 2059 262 An.
2075 234 2104 262 C.
2124 235 2176 264 472

1238 285 1384 326 scuritas,
1412 284 1621 318 sacerdotalis
1642 283 1884 318 deliberationis
1905 283 1979 316 illu-

1238 338 1376 372 minaret
1395 337 1580 378 auctoritas;
1612 336 1704 378 sicut,
1735 337 1877 381 primum
1898 337 1975 378 Arii,

1238 402 1275 425 ac
1293 392 1410 425 deinde
1434 390 1583 431 Nestorii,
1614 396 1814 434 postremum
1834 390 1978 424 Dioscori

1238 450 1333 488 atque
1354 443 1535 488 Eutycbetis
1556 443 1625 476 fieri
1644 443 1749 486 coegit
1768 443 1925 487 impietas.
1942 444 1979 476 Et

1239 497 1339 540 (quod
1355 496 1576 530 misericordia
1588 496 1702 529 Christi
1723 496 1778 529 Dei
1796 496 1895 529 nostri
1910 496 1978 530 Sal-

1239 549 1357 583 vatoris
1377 551 1512 592 avertat)
1533 549 1746 582 intimandum
1773 555 1829 590 est,
1857 549 1980 582 abomi-

1239 603 1346 636 nabile
1360 614 1438 644 esse,
1455 609 1566 636 contra
1585 604 1759 637 sententias
1783 603 1880 636 totius
1893 603 1980 636 orbis

1240 657 1361 690 domini
1383 658 1589 691 sacerdotum
1607 663 1638 691 et
1656 657 1840 702 principum
1855 657 1977 690 utrius-

1240 721 1302 754 que
1313 716 1488 751 rectorum,
1503 712 1672 744 damnatos
1689 721 1761 744 reos
1773 711 1783 727 ὓ
1796 710 1978 751 restituere,

1239 764 1349 797 reduci
1359 764 1478 805 exules,
1493 765 1651 806 relegatos
1663 764 1695 797 in
1705 774 1801 798 causa
1816 764 1826 780 ⁷
1838 763 1981 797 nefariae

1240 817 1473 850 coniurationis
1488 817 1621 851 absolvi.
1643 818 1753 861 Itaque
1774 817 1874 861 (quod
1886 827 1981 860 saepe

1240 871 1451 915 repetendum
1466 872 1525 915 est)
1545 871 1625 904 haec
1643 871 1753 904 omnia
1770 870 1982 904 clementissi-

1241 926 1300 958 mis
1321 925 1455 958 auribus
1478 925 1669 969 suppliciter
1688 925 1846 959 intimato.
1870 924 1983 958 Veniet
2227 970 2231 971 .

1241 979 1354 1023 procul
1384 979 1484 1012 dubio
1517 980 1599 1013 Deus
1638 979 1670 1012 in
1691 978 1889 1012 adiutorium
1920 988 1977 1011 ve-
2217 977 2237 1020 ζ,

1239 1038 1341 1066 strum
1361 1033 1382 1073 Β,
1412 1033 1441 1065 in
1468 1033 1558 1066 cuius
1583 1043 1681 1065 manu
1701 1042 1757 1066 cor
1777 1032 1861 1075 regis
1886 1042 1954 1065 esse
1971 1032 1982 1048 ⁹

1241 1087 1394 1127 retinens,
1418 1087 1627 1120 constitutum
1649 1087 1814 1130 potestatis
1831 1097 1907 1120 suae
1921 1096 1980 1119 ne-

1240 1139 1354 1173 sciat¹⁰
1373 1140 1504 1173 aliunde
1521 1140 1729 1184 principium.

1283 1195 1361 1227 Data
1381 1194 1494 1238 quinto
1515 1194 1587 1227 idus
1607 1194 1746 1227 Ianuarii
1767 1193 1799 1226 ¹¹.

1295 1257 1351 1284 Dat⁴
1375 1256 1417 1284 die
1438 1257 1526 1284 91an.

2053 560 2178 581 Eteri-abile

1995 589 2026 608 est
2040 590 2113 608 eontra
2132 593 2178 608 sen-

1994 614 2081 634 tentiam
2115 614 2178 634 totim

1994 640 2052 661 orins
2063 645 2111 660 reos
2121 640 2178 660 nesa-

1995 667 2039 687 riae
2049 667 2178 687 coniuratio-

1993 694 2026 714 nis
2041 693 2130 714 absolvi.

2010 1039 2076 1064 Regia
2087 1040 2181 1065 potestas
2222 1027 2233 1062 'a

1996 1072 2008 1086 a
2025 1066 2075 1086 Deo.

2212 1309 2232 1453 -v„-1‘-oe-2
2212 1268 2218 1278 ··
2211 1207 2232 1257 ..30
2226 1175 2231 1184 -

1475 1417 1660 1451 EPISTOLA
1679 1417 1705 1450 ΙΙ
1720 1416 1752 1450 ¹².

1243 1515 1354 1558 Royan,
1380 1519 1416 1547 ut
1441 1515 1639 1547 Timotheum
1655 1514 1822 1554 Aeliorum,
1842 1515 1897 1557 qul
1916 1513 1987 1547 Ale-

1284 1567 1488 1601 zrcmdrinmn
1503 1568 1607 1600 sedem
1623 1578 1750 1601 rursum
1768 1577 1923 1609 occupare
1939 1567 1985 1599 ni-

1287 1622 1378 1660 titur,
1398 1625 1425 1653 et
1450 1621 1594 1654 listi-reses
1622 1619 1908 1663 Constantinopoli
1925 1620 1986 1652 clis-

1286 1676 1449 1707 seme'mtre
1463 1674 1578 1714 studet,
1589 1685 1653 1717 qua
1660 1673 1759 1717 pollet
1777 1673 1983 1712 auctoritate,

1286 1732 1471 1771 compescat.

1269 1818 1379 1846 Zenoni
1398 1818 1530 1852 Augusto
1543 1821 1569 1842 13
1585 1816 1758 1851 Simplicius
1778 1816 1952 1850 Episcopus.

1287 1889 1442 1933 Cuperem
1472 1888 1614 1932 quidem,
1649 1893 1805 1931 quantum
1830 1887 1869 1920 ad
1895 1897 1985 1920 meae
2009 1888 2118 1915 Erist⁰¹³0
2129 1893 2184 1915 ‘1¹¹²‘

2001 1921 2074 1937 CRUSH.

1243 1948 1366 1986 spectat
1379 1942 1559 1975 devotionis
1575 1941 1757 1982 arbitrium,
1779 1951 1843 1985 qua
1859 1940 1984 1984 princi-

1243 2006 1299 2040 pes
1316 1995 1507 2029 christianos
1527 1995 1592 2038 iugi
1606 1994 1813 2028 veneratione
1830 1993 1983 2038 suspicio,

2204 1465 2236 1963 ῳλᾱέῡάερξέωρᾼῳέινὴρ

2211 2031 2226 2053 ⁹<
2207 1963 2229 2022 {23³-

2208 2094 2226 2111 Vx.

1279 2149 1296 2176 9
1310 2149 1389 2176 Prov.
1405 2155 1464 2180 xxi,
1485 2149 1510 2175 1.
2201 2133 2229 2187 ’ἓξ

1282 2193 1314 2221 10
1328 2194 1368 2220 Al.
1382 2201 1451 2220 eum.
1463 2201 1489 2220 n.
1506 2192 1565 2220 cod.
1577 2193 1676 2221 nescit.
1688 2193 1798 2220 Rectius
1813 2192 1921 2220 videtur
1932 2201 1957 2219 ιι.
1967 2193 1985 2220 l.
2205 2187 2229 2234 ᾖ

1282 2238 1310 2264 11
1333 2248 1344 2262 ι
1361 2237 1444 2264 Labb.
1466 2237 1499 2264 ad
1515 2245 1600 2271 marg.
1613 2237 1665 2272 leg.
1678 2237 1724 2264 Al.
1742 2237 1775 2263 II
1786 2236 1852 2264 Kal.
1865 2237 1947 2264 Febr.
1959 2247 1985 2263 υ.
2204 2238 2216 2271 5

1245 2282 1320 2310 eom.
1346 2282 1484 2309 Constant.
1506 2282 1523 2309 1.
1544 2291 1566 2308 ο.
1588 2281 1683 2313 ouidd.
1705 2282 1742 2310 VI
1754 2281 1821 2308 Kar.
1838 2281 1932 2314 Febr„
1949 2289 1986 2308 sc.
2204 2273 2234 2317 ἐξ]

1245 2327 1277 2354 ⁶27
1301 2327 1356 2353 Ian.
1383 2327 1439 2353 Non
1460 2331 1500 2353 est
1519 2329 1609 2353 autem
1635 2325 1825 2361 ambigendum
1849 2324 1919 2352 hanc
1943 2333 1986 2361 ep.
2199 2321 2223 2367 -ξ

2204 2376 2217 2391 Α

1246 2373 1336 2399 datam
1359 2380 1419 2399 esse
1443 2381 1506 2400 ann.
1527 2372 1596 2405 476,
1620 2371 1657 2398 uti
1679 2374 1752 2407 patet
1771 2379 1785 2398 e
1804 2370 1927 2406 sequenti
1955 2370 1988 2397 ad

1245 2417 1389 2451 Zenonem,
1405 2420 1432 2443 et
1446 2420 1520 2443 notat
1530 2415 1596 2443 Jass'e
1611 2424 1655 2451 op.
1672 2424 1695 2443 c.
1711 2423 1771 2451 pag.
1788 2415 1833 2442 50.

1283 2461 1315 2488 12
1330 2461 1365 2488 Ex
1376 2461 1460 2488 Mansi
1473 2461 1581 2488 Coneil.
1599 2460 1715 2488 Cottect.
1727 2463 1791 2487 tom.
1804 2466 1851 2494 vn,
1864 2459 1915 2486 col.
1925 2460 1986 2487 974.

1283 2506 1315 2533 13
1333 2516 1344 2531 α
1362 2505 1427 2533 Cod.
1441 2505 1581 2539 virodun.,
1594 2504 1637 2531 eui
1648 2504 1779 2531 adhaeret
1790 2503 1885 2539 pagius
1895 2504 1927 2531 ad
1944 2513 1986 2532 an.

1246 2551 1308 2584 476,
1319 2558 1350 2577 ae
1360 2550 1515 2577 Tillemont.
1528 2549 1553 2576 in
1569 2550 1654 2578 Mem.
1667 2557 1745 2584 pour
1758 2550 1852 2578 servir
1867 2549 1884 2575 ὰ
1901 2549 1985 2577 l'hisc.

1246 2596 1310 2624 eccl.
1333 2599 1397 2623 tom.
1422 2602 1488 2631 xvii,
1508 2598 1563 2623 not.
1580 2595 1607 2630 2,
1633 2602 1695 2630 pag.
1717 2594 1769 2621 756
1792 2593 1856 2621 edit.
1878 2594 1987 2628 Venet.‚

1246 2641 1311 2678 legit
1329 2641 1468 2670 Basilisco
1489 2651 1513 2669 ι.
1537 2640 1613 2668 Cont.
1638 2639 1729 2667 Const.
1755 2638 1772 2667 l.
1791 2647 1814 2668 c.
