2244 3183
237 225 286 250 An.
304 225 333 250 (Σ.
352 224 402 250 478

256 604 372 629 Lapsorum
388 611 419 625 rc·

234 631 366 656 sitim-entia.

269 1564 354 1594 Priores
365 1564 419 1585 litte-

232 1596 267 1611 135
282 1597 356 1621 paucis
371 1597 420 1618 pcr-

234 1620 326 1643 stringit.

260 2097 327 2117 Instat
341 2098 362 2117 ut
382 2097 419 2117 l‘e-

234 2124 277 2143 trus
292 2123 409 2148 ablegetur.

468 214 532 246 220

967 223 981 244 Α
988 221 1118 244 vrnNnIx
1141 220 1280 244 Bt'LLAtul
1305 221 1421 244 ttotttANt

436 272 650 305 internuntius
678 281 816 303 rems-,are
841 269 1055 313 rocpci·it‚vel
1071 269 1095 301 si
1116 280 1178 312 qua
1212 279 1276 301 non
1303 269 1398 308 desit;
1428 269 1482 301 scd
1509 269 1620 301 Petrus
1651 268 1690 300 ah
1723 269 1867 302 indebito
1891 270 1951 302 sihi

436 325 571 358 forsitan
585 325 684 357 altera
698 324 826 357 occasio
842 323 1017 366 reperietur
1031 320 1052 362 ¹,
1069 332 1180 366 quam·
1214 322 1338 355 honore
1364 322 1517 361 deiectus⁷
1543 322 1574 354 in
1594 322 1952 365 Alexandrinaregione

436 378 574 421 primum
599 388 658 410 nos
693 378 788 410 facias
815 377 986 415 certiores,
1009 381 1038 409 ct
1068 386 1179 408 curam

434 437 576 464 nostram
602 431 769 463 sublevare
791 432 996 473 deproperes,
1015 429 1056 462 Ut
1073 434 1178 461 autem

436 484 575 527 perfecto
593 484 712 527 gaudio
733 484 959 527 gauderet-nus,
978 482 1062 515 idem
1085 483 1180 514 l'rater

435 544 462 571 01
489 538 705 581 coepiscopus
733 543 841 570 noster
866 536 1050 569 Timotheus
1076 545 1179 568 exem—

435 593 524 636 plum
550 592 649 625 libelli
676 590 904 625 satisfactionis
923 600 1043 630 corum,
1063 599 1143 632 quos
1161 600 1179 621 a

434 646 611 679 catholicae
631 645 703 678 fidei
722 645 855 679 veritate
869 644 1056 677 Timotheus
1075 649 1105 676 et
1122 643 1179 675 Pe-

435 706 501 733 trus
526 700 652 743 utrique
670 698 681 715 ‘³
702 698 843 731 damnati
870 696 1088 730 damnationis
1120 701 1178 728 101·-

434 764 505 786 rore
526 751 763 791 t1·aduxerant³‚
778 751 902 785 veniam
924 750 1124 794 postulantes
1139 748 1177 780 ad

433 817 493 839 nos
514 807 634 850 pariter
651 806 834 843 destinavit,
849 803 1038 838 sacerdotali
1062 803 1179 846 pictate

434 861 534 904 lapsis
560 860 731 893 subvenire
755 859 961 895 desideransz
985 857 1070 901 quod
1099 856 1178 890 divi-

433 925 494 947 nae
519 914 735 947 miserationis
761 913 891 952 intuitu,
917 922 999 956 quae
1015 911 1177 944 neminem

434 967 502 1000 vult
521 967 636 1010 perire,
653 966 822 999 refutabile
837 976 902 998 non
922 970 1074 1008 putamus
1088 962 1108 996 ⁴.

666 1117 853 1152 EPISTOLA
883 1117 909 1149 X
921 1117 941 1149 ⁵.

434 1190 656 1235 Superioribus
673 1189 787 1221 litteris
807 1187 1072 1226 commemoratis,
1093 1186 1178 1219 relie-

478 1245 620 1277 mentius
643 1247 754 1285 urget,
779 1246 816 1274 ut
841 1241 956 1274 Petrus
976 1240 1015 1273 ab
1039 1240 1178 1273 Alexan-

479 1298 578 1330 drina
596 1297 722 1339 reqione
742 1294 932 1337 expellatur.

629 1376 800 1410 Simplicius
822 1375 983 1409 Episcopus

487 1431 595 1460 Acacio
616 1431 760 1466 Episcopo
781 1429 1124 1464 Constantinopolitano.

478 1502 627 1536 Proxime
652 1501 783 1546 quidem
815 1500 981 1534 dilectioni
1010 1505 1093 1540 tuae,
1120 1510 1177 1543 pe-

435 1556 580 1591 tentibus
600 1556 669 1597 his,
693 1555 748 1599 qui
769 1555 809 1588 ad
829 1565 888 1588 nos
908 1565 926 1588 a
946 1555 1043 1587 fratre
1057 1559 1087 1586 et
1106 1564 1178 1586 coe-

435 1611 569 1655 piscopo
599 1614 711 1642 nostro
744 1608 913 1642 Timotheo
944 1607 1177 1641 Alexandrinae

434 1664 595 1697 Ecclesiae
615 1663 756 1696 antistite
781 1662 894 1695 directi
921 1662 1059 1701 fuerant,
1083 1671 1174 1693 com-

435 1728 535 1751 mune
556 1717 710 1759 gaudium
743 1715 856 1749 litteris
888 1715 1059 1755 inclicavi⁶‚
1084 1719 1115 1746 et
1139 1715 1178 1747 de

435 1772 541 1804 fructu
565 1769 702 1814 piissimi
733 1768 858 1812 operis,
889 1769 976 1812 quod
1002 1767 1178 1800 catholicus

435 1829 634 1857 memoratae
660 1823 819 1855 Ecclesiae
846 1822 998 1855 sacerdos
1019 1827 1065 1854 est
1085 1821 1177 1854 resti-

433 1883 531 1917 tutus⁷
544 1877 664 1921 pariter
673 1887 731 1909 nos
741 1876 881 1918 gaudere
892 1875 1078 1915 memoravi:
1090 1875 1176 1918 quod

434 1942 521 1964 nunc
547 1941 677 1974 quoque
703 1930 885 1971 significare
918 1928 1174 1973 properavimus,

434 1984 654 2027 utagnoscas⁷
668 1983 786 2026 gaudia
799 1983 962 2016 silentium
975 1993 1038 2015 11011
1053 1992 1173 2014 amare.

434 2037 525 2070 Unde
539 2047 668 2080 semper
682 2037 825 2069 exultans
847 2042 877 2068 et
890 2035 1072 2068 orationum
1087 2045 1176 2067 com-

435 2090 582 2122 munium
599 2090 731 2133 cupiens
742 2095 814 2122 vota
827 2088 952 2129 sociari,
976 2089 1098 2127 hortor,
1116 2088 1178 2120 sra-

434 2149 483 2177 ter
508 2143 688 2183 carissime,
713 2149 748 2176 ut
772 2143 868 2175 rebus
887 2152 945 2185 per
965 2141 1177 2174 clementissi-

434 2207 523 2230 mum
545 2202 577 2229 et
597 2196 898 2229 christianissimum
919 2195 1098 2239 principem
1112 2195 1176 2227 Deo

433 2256 565 2284 auctore
579 2250 775 2294 compositis,
793 2249 978 2292 diligentiae
995 2248 1176 2282 sollicitudo

471 2367 480 2393 1
502 2377 513 2391 «
530 2366 685 2401 Reperitur
702 2376 726 2392 ».
743 2365 794 2392 Cit.
812 2364 889 2392 codd.

467 2411 484 2437 2
504 2411 568 2438 Cod.
590 2411 650 2438 Vnt.
672 2410 742 2437 3686
756 2410 857 2437 rectius
873 2413 1002 2445 uterque.

467 2455 484 2482 3
500 2455 578 2481 Forte
590 2455 626 2481 ita
637 2454 791 2490 legendum,
804 2459 833 2481 ut
843 2462 938 2481 seusus
949 2453 1094 2481 habeatur:
1108 2462 1177 2488 quos

432 2509 450 2527 a
465 2500 621 2527 catholicae
640 2500 708 2534 fidei
727 2500 895 2527 veritate...
912 2500 1106 2533 abdumrant,
1123 2499 1176 2525 da-

432 2545 595 2572 inflationis
609 2547 718 2572 terrore
733 2544 895 2571 vcniam....

468 2590 483 2616 4
498 2589 554 2615 Dat.
573 2589 626 2616 Illo
644 2597 730 2621 cons..
751 2597 789 2615 sc.
802 2597 871 2616 anno
888 2589 939 2616 478
953 2588 1026 2615 iuxta
1041 2588 1106 2615 Jaffe
1122 2588 1137 2615 1.
1152 2597 1175 2615 c.

467 2634 483 2661 5
502 2633 539 2659 Ex
551 2632 638 2660 Caras.
650 2633 744 2668 Epist.
762 2634 843 2661 Rom.
854 2633 967 2667 Pontis.
982 2635 1001 2659 t.
1011 2641 1030 2667 1,
1041 2641 1101 2668 pag.
1115 2632 1176 2659 320.

1213 386 1277 408 non
1298 376 1422 408 sinattu·
1451 375 1613 415 habitare,
1647 376 1702 408 sed
1727 377 1840 419 procul
1865 383 1953 410 extra

1215 429 1369 462 terminos
1383 428 1516 472 patriae,
1531 429 1719 462 sicutetiam
1733 440 1791 462 1105
1804 431 1953 473 poposci-

1214 493 1295 520 mus,
1318 482 1476 526 frequenti
1498 493 1571 515 011111
1593 483 1735 525 postules
1748 483 1953 525 suggestione

1213 535 1362 577 relegari,
1384 546 1423 567 110
1444 546 1524 578 quos
1544 535 1768 578 imperitorum
1788 536 1953 579 pravitatis

1213 599 1288 621 suae
1317 589 1525 632 persuasione
1549 590 1698 629 seducat,
1727 595 1756 622 01
1779 600 1797 622 a
1817 590 1953 623 catholi-

1213 642 1406 675 caetramite
1418 642 1556 675 veritatis
1575 648 1705 675 avertat.
1724 643 1885 687 Quidquid
1899 655 1954 677 au-

1215 701 1278 727 tem
1293 695 1332 728 de
1346 695 1588 738 religiosissimo
1603 696 1950 741 impetrabisimperio,

1213 759 1289 780 cura
1312 753 1386 782 tuae
1408 749 1589 782 dilectionis
1610 751 1648 782 ad
1670 761 1774 783 meam
1807 751 1953 784 notitiam

1212 801 1306 834 saciat
1324 803 1504 845 pervenire,
1523 808 1553 836 et
1570 814 1628 836 nos
1648 808 1777 836 actuum
1796 805 1836 837 ad
1848 810 1955 838 custo-

1213 854 1298 887 diam
1325 856 1528 897 evangelicae
1542 857 1708 890 doctrinae
1721 857 1953 901 pertinentium

1213 909 1266 941 det
1285 919 1353 942 esse
1378 915 1551 943 consortes.

1256 963 1333 995 Data
1350 963 1567 997 decimosexto
1585 964 1738 997 kalendas
1755 964 1953 1005 Novembris,

1212 1015 1259 1049 111.
1283 1017 1352 1049 viro
1370 1017 1548 1050 clarissimo
1569 1018 1700 1050 consule
1713 1018 1733 1050 ⁸.

1247 1071 1308 1097 Dat.
1332 1072 1363 1098 17
1380 1072 1516 1103 Octobris,
1535 1080 1580 1098 an.
1602 1072 1662 1099 478.

1433 1222 1617 1256 EPISTULA
1647 1223 1688 1256 xl
1708 1223 1728 1255 ⁹.

1212 1294 1423 1337 Imperatoris
1433 1294 1589 1337 reliqionc
1606 1294 1754 1337 laudata,
1766 1305 1836 1329 cum
1848 1299 1951 1338 royac,

1256 1344 1291 1372 ut
1316 1340 1507 1382 praesertim
1534 1340 1733 1373 Timotheum
1761 1340 1956 1373 Aleoeamlri-

1257 1395 1318 1417 nae
1331 1384 1489 1417 Ecclesiae
1501 1394 1597 1427 opera
1611 1395 1670 1417 ..sua
1686 1384 1851 1417 redditum
1870 1389 1955 1418 tuea-

1259 1433 1321 1470 tur,
1340 1432 1368 1462 ct
1392 1429 1525 1461 Petrum
1546 1429 1662 1472 procul
1682 1429 1889 1472 relesscmdum
1907 1428 1955 1461 de-

1258 1478 1380 1507 cernat.

1266 1546 1437 1581 Simplicius
1458 1546 1617 1580 Episcopus
1633 1545 1742 1574 Zenoni
1758 1546 1900 1579 Augusto.

1256 1608 1403 1641 Proxime
1424 1608 1554 1652 quidem
1570 1618 1642 1641 cum
1661 1608 1701 1641 ad
1722 1607 1835 1640 urbem
1856 1607 1955 1640 frater
1967 1615 2059 1637 zenonis
2072 1616 2154 1642 religio.

1213 1668 1243 1695 et
1264 1662 1472 1705 coepiscopus
1489 1661 1720 1694 mediocritatis
1738 1671 1829 1693 meae
1848 1661 1954 1694 Timo-

1215 1715 1305 1748 theus
1326 1715 1561 1748 Alexandrinae
1578 1715 1668 1747 urhis
1689 1715 1820 1761 antistes
1837 1720 1953 1748 novato

1213 1779 1304 1801 more
1325 1768 1477 1808 misisset,
1498 1768 1664 1801 victoriam
1689 1774 1812 1801 vestrae
1834 1768 1909 1801 fidei
1921 1768 1954 1801 in

1213 1821 1281 1854 eius
1309 1821 1511 1854 restitutione
1543 1821 1688 1863 cognovi.
1723 1821 1843 1855 Pietate
1868 1821 1954 1854 enim

1212 1879 1315 1907 vestra
1336 1874 1415 1907 suita
1439 1873 1613 1907 divinitatis
1638 1874 1757 1907 auxilio
1786 1879 1816 1907 et
1843 1874 1951 1918 impe-

1212 1927 1250 1959 rii
1273 1927 1505 1970 tranquillitas,
1534 1933 1564 1960 et
1592 1927 1769 1960 catholicae
1789 1926 1955 1969 religionis

1211 1981 1417 2024 splendorem
1442 1991 1548 2021 suum,
1570 1980 1795 2013 scandalorum
1810 1980 1896 2014 nube
1908 1980 1955 2013 (11-

1211 2045 1330 2075 scussa,
1354 2034 1476 2078 recepit
1495 2034 1680 2076 integritas3
1697 2034 1737 2067 de
1747 2044 1811 2078 quo
1824 2045 1874 2067 me
1888 2044 1956 2076 gra-

1212 2088 1271 2121 tias
1295 2094 1367 2132 post
1387 2089 1487 2121 Deum
1509 2088 1699 2121 clementiae
1718 2093 1840 2121 vestrae
1854 2088 1955 2130 egisse

1211 2142 1403 2175 reminiscor
1415 2140 1447 2182 ¹⁰,
1469 2147 1499 2174 et
1516 2152 1601 2174 nunc
1618 2152 1748 2185 quoque
1769 2142 1888 2174 cultum
1903 2153 1956 2175 ve-

1211 2201 1276 2229 stro
1301 2205 1400 2238 regno
1426 2195 1570 2228 debitum
1584 2195 1679 2228 silere
1704 2205 1769 2228 non
1789 2195 1891 2239 potui,
1914 2205 1955 2228 ne

1212 2249 1455 2292 quodammodo
1479 2248 1606 2282 viderer
1630 2249 1790 2291 ingratus,
1814 2248 1840 2281 si
1864 2248 1955 2282 vohis

1246 2364 1262 2391 6
1282 2364 1340 2391 Vid.
1362 2364 1534 2400 praecedent.
1556 2372 1600 2399 ep.

1247 2410 1263 2436 7
1282 2409 1324 2436 Sic
1339 2413 1365 2435 et
1386 2417 1430 2435 nn.
1453 2408 1532 2436 codd.
1558 2407 1654 2439 Quidd.
1679 2407 1743 2435 edit.
1765 2415 1953 2442 agnosceres,

1211 2455 1259 2481 sed
1279 2462 1431 2490 perperam.

1245 2499 1262 2525 8
1282 2499 1311 2526 V.
1329 2503 1384 2525 not.
1403 2499 1418 2525 li
1432 2498 1465 2525 ad
1484 2507 1527 2533 ep.
1545 2505 1582 2524 v11
1599 2506 1659 2533 pag.
1675 2497 1737 2531 217,
1759 2498 1809 2525 col.
1825 2498 1852 2524 ’1.

1245 2545 1262 2571 9
1278 2545 1315 2571 Ex
1330 2544 1424 2572 Carasa
1441 2545 1534 2579 Epist.
1548 2544 1630 2571 Rom.
1648 2544 1758 2578 Pontis.
1772 2547 1836 2570 tom.
1849 2552 1874 2576 1,
1891 2552 1952 2579 pag.

1211 2588 1271 2615 390.

1248 2633 1280 2660 10
1295 2632 1401 2659 Scilicet
1416 2632 1442 2658 in
1464 2631 1542 2668 epist.
1563 2639 1623 2667 vni,
1644 2640 1704 2667 pag.
1723 2631 1785 2665 217,
1806 2631 1856 2659 col.
1873 2631 1900 2658 2.

1982 222 2030 248 Α11.
2048 222 2077 249 C.
2098 223 2148 251 478
