2244 3183
75 261 124 290 An.
145 262 173 289 C.
188 260 240 289 483

107 1492 180 1512 Aeacii
195 1491 256 1512 silen-

73 1521 124 1540 tium
135 1520 202 1544 urget.

898 265 925 289 S.
949 267 1045 290 FELIX
1065 267 1101 290 111
1122 268 1173 291 1¹1³.

271 320 372 353 perna
399 312 629 356 praeceptione
653 312 825 355 migrante,
848 313 1016 347 ministerii

271 364 360 407 quod
380 365 523 407 regebat,
546 366 586 398 ad
616 376 706 399 meae
730 365 920 399 humilitatis
941 366 1014 399 offi-

271 416 355 449 cium
382 417 601 460 gubernacula
625 424 860 463 pervenerunt3
888 418 938 451 in'
963 419 1014 452 di-

271 480 377 503 versas
408 471 566 513 generalis
602 472 760 505 Ecclesiae
795 481 904 512 curas,
937 483 1017 515 quas

271 523 392 567 ubique
404 530 562 558 terrarum
578 525 702 558 cunctis
721 525 850 569 populis
871 524 1017 558 christia-

271 575 348 615 nis2,
366 577 483 610 summi
495 577 633 621 pastoris
651 588 727 611 voce
744 578 925 621 delegante,
941 578 1017 611 bea-

271 629 412 663 tissimus
432 630 543 663 Petrus
562 631 727 674 apostolus
744 631 890 675 pervigili
906 631 1017 664 mode-

271 683 397 716 ratione
428 683 607 727 dispensat3
635 684 788 718 continuo
821 695 872 717 me
897 685 1016 718 sollici-

272 737 348 770 tudo
381 737 537 778 maxima,
566 749 648 782 quae
675 744 705 772 et
732 739 1014 782 praedecessorem

272 801 379 823 meum
406 791 604 825 incessanter
622 792 758 835 urgebat
772 792 783 809 ³
801 798 864 825 tam
879 793 1015 826 Alexan-

270 844 383 878 drinae
415 845 524 885 urbis,
556 856 652 889 quam
685 851 785 879 status
817 846 892 879 fidei
920 846 1016 879 totius

270 897 436 931 orientalis
456 898 598 940 regionis
619 899 752 942 excepit.
777 899 862 932 Ilaec
875 910 934 933 nos
946 900 1015 933 dic-

270 952 330 985 bus
362 951 578 996 noctibusque
601 953 822 996 perstringens
843 954 882 987 ad
900 954 1012 987 Domi-

269 1015 347 1038 num
382 1004 497 1038 Filium
531 1011 677 1039 nostrum
712 1006 1014 1040 christianissinuun

269 1058 450 1102 principem
476 1069 534 1102 per
560 1059 752 1093 Vitalem'et
776 1061 930 1094 Misenum
952 1061 1014 1093 sra-

271 1115 335 1143 tres
364 1115 394 1143 et
425 1110 634 1154 coepiscopos
663 1117 790 1145 nostros
820 1111 1014 1154 legationem

271 1163 612 1207 compulitdestinare3
630 1176 713 1209 quae
729 1165 795 1198 vice
814 1176 885 1199 mea
904 1166 1015 1210 pietati

272 1216 340 1250 eius
364 1222 395 1250 et
415 1217 523 1251 debita
536 1224 757 1262 praesentaret
774 1218 890 1260 officia,
913 1226 944 1253 et
956 1231 1016 1264 pro

272 1270 336 1304 fide
364 1271 544 1312 catholica,
574 1272 800 1317 maiorumque
828 1279 1015 1307 nostrorum

272 1324 437 1358 servandis
458 1325 741 1359 constitutionibus
761 1327 967 1370 supplicaret.

317 1377 347 1410 ²1.
376 1378 463 1411 llac⁴
484 1378 583 1420 igitur
611 1379 666 1412 illo
686 1385 852 1423 pergente,
880 1391 939 1424 par
959 1381 1017 1414 suit

273 1431 479 1465 dilectionem
496 1437 582 1465 tuam
598 1432 722 1466 dilectis
736 1433 857 1477 pariter
876 1435 1016 1468 salutare

272 1485 460 1528 colloquiis,
494 1490 525 1518 et
552 1492 788 1530 consequenter
815 1487 951 1529 hortari,
983 1495 1016 1521 ut

271 1539 446 1582 aliquando
484 1539 612 1572 tandem
648 1540 865 1583 patrocinium
901 1551 1015 1575 causae

270 1592 398 1626 Domini
415 1592 597 1626 communis
616 1593 783 1636 impendas
797 1594 816 1633 ⁵,
837 1604 897 1627 nec
908 1595 1015 1639 despi-

272 1646 421 1679 ciendum
448 1652 540 1690 putes
564 1647 652 1690 quod
678 1647 792 1680 Christi
814 1648 1016 1682 consessione

272 1699 422 1740 veridica,
444 1706 475 1733 et
494 1700 683 1733 universalis
692 1700 760 1733 eius
769 1701 928 1734 Ecclesiae
938 1702 1016 1735 desi-

271 1753 394 1787 nitione
409 1780 474 1786 .....
499 1754 547 1786 vel
561 1753 600 1786 de
620 1764 699 1797 pace
719 1755 1011 1789 concorditer-⁶0...

271 1807 296 1840 si
318 1807 402 1840 illius
432 1813 462 1840 et
489 1807 613 1840 honore
642 1807 733 1851 cupis
761 1819 830 1841 csse
855 1809 959 1843 clarus
985 1817 1015 1843 et

271 1861 414 1894 nomine.
450 1862 601 1895 Fatemur
620 1861 705 1894 enim
731 1863 908 1895 secundum
930 1874 1012 1907 apo-

271 1913 415 1946 stolicam
449 1924 575 1953 vocem,
609 1924 757 1956 magnam
791 1915 883 1948 nobis
911 1916 1015 1951 inesse

274 1967 432 2000 tristitiam
455 1973 485 2000 et
506 1968 650 2001 dolorem
682 1968 787 2001 cordis
808 1969 908 2002 nostri
932 1981 1012 2003 con-

272 2021 397 2055 tinuum
410 2022 419 2038 ⁷
432 2021 697 2064 cogitationibus,
713 2023 838 2066 quasin
853 2023 905 2057 die
917 2026 1015 2068 ’41)ιό-

271 2075 459 2108 cedentibus
488 2075 625 2118 negotiis
653 2076 858 2110 sustinemus.
892 2078 925 2110 In
948 2078 1014 2122 pri-

309 2176 318 2200 1
338 2173 403 2201 Cod.
422 2174 480 2201 Vat.
500 2172 566 2200 1342
583 2177 656 2201 recte
673 2174 756 2201 inter.

306 2219 322 2245 2
338 2218 403 2246 Cod.
420 2218 479 2245 Vat.
498 2219 565 2246 1353
586 2219 705 2246 Christi.

306 2265 323 2290 3
338 2263 402 2291 Cod.
415 2264 474 2290 Vat.
492 2263 559 2290 1342
569 2264 688 2297 ayebat:
704 2264 764 2291 Vat.
774 2267 865 2292 autem
880 2265 948 2293 1353
959 2274 1012 2292 an-

271 2304 362 2339 ycbal.

307 2349 323 2375 Ιι
337 2347 446 2375 Scilicet
462 2348 614 2382 Icgjatione.

306 2390 323 2417 5
342 2388 408 2416 Cod.
426 2388 483 2415 Vat.
503 2388 569 2414 1342
586 2391 616 2414 ut
631 2388 790 2422 aliquando
807 2389 922 2416 landem
945 2399 1013 2417 caic-

260 2429 310 2457 ,δίε
325 2432 351 2456 lc
367 2429 490 2456 Domini
504 2428 665 2455 communis
680 2428 843 2462 impendas.

306 2470 323 2496 6
335 2469 391 2496 Duo
403 2477 442 2495 cc.
454 2468 532 2496 codd.
544 2468 586 2494 hic
598 2468 824 2503 punctorumloco
834 2469 934 2504 legunt:
952 2479 1013 2497 exe-

272 2509 419 2544 quendum
433 2512 483 2536 est.
505 2508 607 2543 inepte,
620 2513 646 2535 ut
663 2508 779 2535 videtur.
799 2508 889 2536 Potius
904 2518 935 2536 ex
951 2518 1014 2537 con-

272 2553 345 2576 textu
354 2548 498 2584 supplend.
511 2548 621 2583 opinor:
635 2551 732 2583 patres
743 2549 1013 2578 ›zoslristatuermzt.

308 2588 322 2614 7
339 2588 417 2615 Rom.
434 2595 471 2622 tx,
488 2598 512 2615 v.
534 2588 560 2621 ⁹2,
573 2588 618 2615 ubi
634 2589 705 2624 apud
717 2588 793 2624 Vulg.
807 2588 919 2623 legitur:
939 2592 1014 2622 Quo-

273 2629 355 2655 niam
377 2629 500 2656 tristitia
520 2629 593 2656 mihi
616 2637 723 2663 massua
742 2632 792 2663 est,
816 2631 842 2656 εί
861 2629 1015 2657 continuus

273 2668 353 2695 dolor
363 2669 443 2697 cordi
458 2677 530 2695 mco.

1051 314 1110 347 mis
1124 315 1215 355 illud,
1239 317 1327 360 quod
1353 317 1476 350 dudum
1498 323 1571 351 ante
1591 318 1703 351 oculos
1729 319 1794 351 sere

1050 368 1196 401 omnium
1211 370 1397 403 vertebatur
1409 372 1430 410 ⁰,
1448 370 1603 410 occurrit3
1625 370 1792 404 cuiusnam

1051 421 1096 453 rei
1118 432 1214 455 causa
1238 423 1384 456 videlicet
1407 424 1598 464 intercessit,
1618 423 1724 457 indica
1737 434 1793 457 no-

1050 474 1110 514 bis,
1134 475 1221 518 quod
1252 475 1382 509 dilectio
1414 482 1467 509 tua
1494 486 1560 509 non
1580 477 1678 510 modo
1700 477 1794 510 tantis

1051 528 1346 570 opportunitatibus
1366 529 1586 562 indesinenter
1600 530 1728 571 exortis,
1744 542 1794 564 vc-

1051 591 1122 613 rum
1137 581 1232 614 etiam
1258 592 1354 625 saepe
1374 592 1511 615 numero
1533 593 1550 615 a
1570 583 1794 617 decessoribus

1051 634 1130 668 meis
1139 632 1160 651 ¹⁰
1170 634 1284 668 litteris
1294 635 1437 675 invitata,
1449 634 1467 651 ¹¹
1479 636 1564 668 velut
1579 636 1739 670 obstinato
1753 637 1794 670 si-

1050 687 1149 720 lentio
1176 697 1342 731 nunquam
1372 699 1471 731 super
1490 688 1574 722 hanc
1594 696 1718 732 partem
1740 697 1791 723 aut

1050 741 1218 773 consulere
1236 740 1414 784 quidquam
1430 741 1576 781 voluerit,
1593 747 1647 774 aut
1662 743 1790 776 referre.

1049 791 1192 835 Cumque
1223 801 1282 824 nos
1314 791 1436 835 aliquid
1474 797 1594 824 temere
1629 792 1792 825 sinistrum

1049 845 1149 888 (quod
1168 844 1263 887 absit)
1282 845 1320 878 de
1335 850 1389 878 tua
1412 850 1518 878 mente
1540 846 1710 879 conveniat
1726 846 1795 889 opi-

1049 898 1134 939 nari,
1157 904 1262 931 tamen
1283 898 1358 941 quia
1384 898 1616 932 venerabilium
1636 899 1790 936 virorum,

1050 951 1104 994 qui
1121 951 1308 991 Ecclesiam,
1334 951 1385 984 cui
1410 951 1586 995 praesides,
1609 959 1683 985 ante
1703 963 1793 985 rexe—

1050 1009 1136 1044 runt,
1165 1014 1289 1037 morem
1316 1003 1520 1048 formamque
1540 1004 1706 1045 destituas,
1728 1005 1793 1038 ullo

1049 1058 1147 1091 modo
1168 1057 1270 1101 possis
1285 1067 1350 1091 non
1369 1068 1436 1091 esse
1457 1063 1634 1101 suspectus.

1094 1111 1124 1144 2.
1149 1111 1238 1145 Certe
1257 1111 1283 1144 si
1303 1112 1404 1155 (quod
1426 1122 1490 1144 non
1511 1111 1718 1154 credimusffi)
1740 1113 1793 1145 de-

1051 1165 1195 1208 dignaris
1220 1164 1241 1181 ¹³
1266 1165 1298 1198 Β.
1328 1165 1465 1209 apostoli
1494 1165 1619 1198 vicariis
1646 1177 1794 1199 reveren-

1052 1218 1126 1252 tiam
1142 1218 1202 1252 tuis
1216 1218 1343 1252 deferre
1363 1218 1510 1252 fastuosis
1531 1218 1708 1258 affectibus,
1726 1230 1793 1253 me-

1052 1283 1123 1305 mor
1149 1273 1262 1305 saltem
1277 1272 1297 1288 ¹²
1316 1272 1412 1306 officii
1434 1282 1493 1316 pro
1514 1272 1588 1306 fidei
1609 1272 1793 1315 integritate

1050 1325 1240 1366 catholicae,
1257 1336 1317 1370 pro
1330 1331 1541 1370 paternarum
1563 1326 1709 1360 custodia
1723 1338 1794 1360 san-

1051 1379 1207 1420 ctionum,
1224 1390 1284 1422 pro
1297 1379 1410 1424 synodi
1432 1379 1702 1413 Chalcedonensis
1717 1391 1793 1413 con·

1050 1432 1216 1466 stitutione
1232 1433 1400 1473 servanda,
1416 1443 1497 1476 quae
1511 1433 1641 1466 Nicaeni
1655 1444 1794 1467 couren-

1052 1492 1100 1519 tus
1129 1487 1257 1531 penitus
1288 1487 1403 1530 probat
1430 1486 1598 1527 articulos,
1618 1492 1713 1530 atque
1734 1498 1793 1531 pro

1050 1541 1095 1574 eis
1120 1540 1240 1584 ubique
1257 1540 1403 1573 hostibus
1424 1539 1688 1583 comprimendis,
1713 1540 1794 1574 sicut

1050 1594 1307 1628 orthodoxorum
1317 1593 1501 1627 urbisillius
1511 1593 1655 1626 imitator
1669 1594 1794 1627 antisti-

1051 1654 1130 1689 tum,
1146 1653 1494 1689 constanterexurgere
1513 1647 1689 1687 debuisses,
1712 1658 1794 1691 quo-

1049 1701 1134 1734 niam
1147 1707 1175 1733 tc
1186 1700 1278 1733 aliter
1291 1700 1373 1733 inter
1393 1700 1537 1733 membra
1548 1700 1693 1743 corporis
1707 1700 1795 1733 Chri-

1048 1755 1087 1788 sti
1103 1761 1282 1788 monstrare
1304 1764 1368 1787 non
1388 1753 1501 1797 possis,
1526 1753 1587 1786 nisi
1610 1754 1794 1786 nullatenus

1048 1808 1219 1853 providere
1234 1807 1403 1841 desisteres
1428 1807 1500 1847 illis,
1522 1818 1604 1850 quae
1618 1818 1675 1850 per
1692 1812 1792 1840 totum

1051 1862 1208 1895 mundum
1234 1861 1387 1894 dicuntur
1404 1860 1597 1904 obrepsisse,
1621 1859 1788 1902 contagiis.

1093 1916 1122 1949 3.
1141 1915 1279 1948 Proinde
1300 1915 1390 1948 adire
1411 1914 1508 1948 debes
1529 1913 1656 1957 saepius
1670 1912 1690 1929 ¹⁷*
1707 1913 1793 1946 chri-

1048 1969 1171 2003 stianae
1201 1968 1316 2002 mentis
1342 1969 1531 2010 Augustum,
1559 1972 1589 2000 et
1617 1978 1729 2000 causas
1750 1967 1793 1999 ei-

1049 2023 1121 2056 dem
1156 2021 1266 2055 salutis
1297 2032 1374 2055 suae
1409 2026 1505 2064 atque
1537 2020 1632 2053 etiam
1666 2020 1792 2063 imperii

1049 2077 1246 2117 redditurus,
1270 2082 1301 2109 et
1326 2075 1535 2109 conservandi
1557 2075 1624 2108 eius
1637 2075 1789 2107 auxilium

1083 2174 1100 2201 8
1114 2174 1154 2201 Al.
1171 2175 1201 2200 in
1218 2173 1278 2200 dies
1290 2172 1526 2207 propellentibus.
1541 2171 1622 2198 Recte
1634 2171 1742 2206 quidem
1759 2172 1788 2198 in

1049 2211 1117 2238 dics.

1084 2250 1101 2277 9
1117 2250 1181 2277 Cod.
1199 2249 1258 2275 Vat.
1278 2248 1346 2275 1342
1367 2247 1533 2274 versabatur
1554 2247 1584 2274 in
1604 2246 1673 2274 (lies.

1086 2291 1118 2317 10
1138 2290 1177 2317 Id.
1194 2289 1254 2316 cod.
1272 2288 1424 2316 decessoris
1440 2288 1508 2314 mci.
1526 2287 1562 2313 Ad
1580 2295 1635 2313 reni
1652 2292 1724 2322 apte.

1086 2332 1114 2357 11
1139 2329 1263 2357 Nonnulli
1284 2328 1348 2355 edit.
1366 2328 1500 2360 incitata,
1518 2327 1616 2363 quibus
1642 2327 1790 2355 adhaerent

1050 2375 1089 2393 cc.
1111 2365 1190 2393 codd.
1214 2364 1281 2391 1342
1296 2368 1323 2391 et
1341 2363 1420 2391 1353.
1437 2362 1505 2390 Sanc
1520 2363 1629 2389 melius.

1086 2406 1118 2433 12
1137 2405 1200 2432 Cod.
1219 2406 1278 2431 Vat.
1298 2404 1409 2430 1342112
1427 2404 1645 2431 notter-edimus.

1088 2446 1117 2473 13
1133 2445 1216 2473 Codd.
1237 2445 1305 2472 vau.
1329 2444 1408 2476 1342,
1428 2443 1494 2470 1353
1509 2443 1599 2471 delent
1615 2444 1790 2478 dedignaris.

1049 2491 1129 2522 atquc
1149 2486 1186 2513 ita
1207 2486 1316 2520 legunt:
1344 2484 1427 2511 Beati
1442 2484 1563 2518 apostoli
1581 2484 1696 2512 vicariis
1713 2494 1791 2512 rere-

1048 2522 1173 2550 renlz'am
1189 2521 1245 2548 tuis
1260 2520 1370 2554 deferre
1386 2519 1501 2553 fastidis
1516 2520 1670 2553 affectibus.

1086 2563 1119 2589 14
1134 2561 1182 2588 lid.
1200 2560 1277 2587 codd.
1300 2560 1402 2587 addunt
1416 2560 1611 2587 sacerdotatis.
1626 2560 1744 2594 Rectius,
1763 2566 1790 2587 ut

1049 2606 1063 2625 ο
1077 2606 1154 2625 uuor.

1067 2607 1117 2660 l¹5
1134 2633 1184 2659 Cit.
1202 2631 1262 2659 cod.
1280 2631 1348 2658 1342
1364 2631 1491 2658 Proinde
1506 2631 1589 2657 adire
1604 2631 1729 2658 crebrius
1741 2632 1789 2657 ‹Ie-

1048 2671 1156 2696 caerae.
1171 2667 1275 2695 Rectius
1285 2666 1317 2694 ad
1327 2670 1455 2700 context„
1465 2666 1503 2693 uti
1512 2670 1583 2701 patet
1593 2675 1606 2694 e
1615 2674 1671 2702 seq·
1682 2675 1787 2702 paragr.

1858 1123 1907 1143 lmus
1923 1130 1945 1142 >n
1978 1131 1981 1143 i

1810 1150 1866 1171 biam
1881 1153 1955 1175 carpit.

1836 1974 1889 1996 Quid
1903 1979 1991 1998 impeta-

1808 2002 1848 2020 tur!
1858 2000 1951 2020 ctelvriu-
1964 2006 1992 2019 in-

1808 2027 1920 2047 nitendum.
