2244 3183
48 216 100 245 An.
115 216 146 245 C.
165 215 218 245 534

253 264 350 306 citer,
385 270 417 298 et
441 264 526 298 idem
545 264 624 309 ipse,
651 264 775 298 ultimis
797 264 1000 307 temporibus

248 318 446 360 incarnatus,
471 330 507 352 ex
527 324 638 352 sancta
658 324 688 352 et
705 317 847 361 gloriosa
868 318 998 360 Virgine

249 378 354 406 matre
371 373 459 407 nasci
482 373 632 416 dignatus
653 379 710 406 est.

294 427 470 471 Propterea
495 438 572 471 ergo
593 428 669 471 quia
688 427 820 471 proprie
845 431 875 459 et
900 436 994 459 vera-

251 481 333 515 citer
361 482 418 515 Dei
449 481 548 515 Filius
579 492 616 514 ex
648 491 684 514 ea
709 480 897 513 incarnatus
930 486 994 520 est3

68 543 237 575 siquidempr07
252 534 326 567 ideo
346 534 478 578 proprie
502 540 534 567 et
552 534 710 567 veraciter
727 539 863 566 matrem
883 533 938 566 Dei
960 543 996 565 ex

66 570 290 621 ‘12333522231021
310 587 470 621 incarnati
498 593 529 621 et
555 587 622 620 nati
643 598 710 621 esse
735 586 940 620 confitemur.
961 586 997 619 Et

49 627 151 646 emam
165 627 204 646 Μ’
251 651 292 674 ne
306 640 315 657 ¹
335 641 492 675 Dominus
518 641 605 674 Iesus
625 651 684 684 per
710 639 994 674 honorificentiam

253 695 302 728 vel
320 695 458 738 gratiam
479 695 534 728 Dei
557 705 677 728 nomen
697 694 860 738 accepisse
878 693 993 727 creda-

251 754 313 788 tur,
344 748 428 782 sicut
458 748 622 782 Nestorius
649 748 745 782 sentit
766 748 916 781 insulsus.
942 747 996 780 Ve-

249 803 371 836 racz'ter
395 808 503 836 autem
529 802 603 836 ideo
633 813 674 835 ne
699 802 905 846 phantasma,
941 806 996 834 aut

250 856 363 900 aliquo
383 857 483 890 modo
507 867 572 890 non
594 867 702 890 veram
723 855 900 899 sumpsisse
925 865 995 888 car-

248 921 323 944 nem
349 912 500 945 credatur
520 922 557 944 ex
577 911 718 954 Virgine,
747 910 830 944 sieut,
861 909 997 943 asseruit

248 963 368 1008 impius
389 964 558 1009 Eutyches.
583 964 638 998 Cui
657 964 703 997 rei
724 964 939 1008 probamenta
960 974 996 996 ex

247 1018 380 1051 Patrum
399 1017 630 1051 traditionibus
648 1016 907 1061 consequenter⁹
924 1027 996 1050 san-

249 1077 318 1105 ctus
347 1071 546 1114 Augustinus
574 1071 605 1104 in
626 1072 709 1104 lihro
734 1072 840 1115 primo
861 1071 996 1114 praede-

249 1124 449 1159 stination'is:
475 1138 487 1156 «
503 1125 766 1158 praedestinatus
783 1130 829 1158 est
854 1134 931 1166 ergo
948 1125 996 1157 Ie-

49 1185 237 1232 ribffjodpffnpffi
251 1190 316 1219 sus,
345 1185 380 1212 ut
408 1179 535 1212 futurus
558 1179 737 1212 secundum
760 1188 890 1211 carnem
912 1177 997 1211 filius

50 1239 203 1286 21223²ss,¹}‚¹¹„i¹’¹¹⁵
215 1245 236 1259 u·
252 1232 350 1266 David
381 1237 475 1272 esset,
504 1232 536 1264 in
561 1231 677 1264 virtute
698 1236 805 1264 autem
823 1231 922 1263 Filius
941 1230 997 1263 Dei

159 1281 164 1285 ’
250 1286 347 1320 simul
359 1292 391 1319 et
406 1286 493 1319 filius
510 1285 651 1319 hominis
665 1291 799 1329 propter
811 1291 995 1328 susceptum

251 1339 440 1381 hominem,
476 1345 506 1373 et
530 1339 629 1373 Filius
659 1339 714 1373 Dei
746 1344 878 1382 propter
898 1338 997 1372 susei-

249 1393 393 1438 pientem
426 1393 630 1436 unigenitum
658 1394 785 1427 Domini
812 1393 942 1437 proprie
968 1398 999 1426 et

251 1447 409 1481 veraciter
430 1447 595 1481 diceretur
611 1447 652 1480 »³.

293 1501 452 1545 Leporius
480 1501 512 1534 in
539 1501 686 1545 epistola,
721 1511 819 1544 quam
847 1500 997 1533 Aurelius

250 1554 422 1599 episcopus
445 1554 720 1597 Carthaginensis,
744 1560 775 1588 et
795 1555 909 1587 beatus
927 1556 994 1587 Au—

249 1608 433 1651 gustinus⁴,
458 1614 489 1642 et
514 1608 656 1653 synodus
673 1608 824 1642 Africana
842 1607 992 1641 firmavit:

255 1674 267 1693 «
280 1661 429 1695 Nascitur
449 1672 527 1704 ergo
547 1661 641 1695 nobis
661 1661 794 1705 proprie
815 1661 854 1694 de
875 1660 996 1704 Spiritu

250 1715 368 1749 Sancto
400 1721 432 1748 et
461 1715 561 1748 Maria
592 1725 722 1759 semper
752 1714 883 1757 Virgine
913 1715 997 1747 Deus

250 1768 350 1803 homo
369 1770 457 1803 Iesus
476 1769 576 1803 Filius
596 1769 653 1803 Dei
674 1781 702 1802 ›).

295 1822 440 1857 Gelasius
471 1833 509 1856 ex
532 1822 616 1856 libro
640 1822 792 1856 adversus
812 1822 995 1856 Nestorium

288 1960 299 1985 1
322 1958 401 1986 Forte
420 1958 547 1995 legend:
570 1964 697 1991 enorme,
718 1967 754 1985 ize
774 1958 919 1986 Dominus
929 1980 993 1986 ......

226 2004 324 2032 στεῖραι
332 2004 482 2032 Nestorius
489 2004 576 2032 sensit
586 2004 726 2037 insulsus3
739 2010 887 2031 remorsa
897 2006 995 2032 autem

250 2049 325 2082 ideo,
341 2057 375 2076 ne
387 2049 568 2084 phantasma
586 2069 639 2076 .....

285 2093 302 2120 2
321 2095 406 2121 Recte
421 2093 531 2129 quidem
547 2093 623 2121 Cont.
640 2094 731 2121 Const.
749 2094 859 2128 corrig.:
876 2094 923 2121 Ex
937 2094 995 2120 Pa-

251 2141 327 2168 trum
342 2139 551 2167 tradicionibus
566 2141 787 2174 consequuntur.
805 2138 928 2167 Sanctus
936 2140 956 2165 Α
965 2148 995 2165 ιι·

250 2183 384 2219 qustinus
397 2204 449 2210 .....

287 2229 302 2256 3
324 2228 471 2265 Perperam
491 2228 587 2256 Carasa
606 2228 670 2264 legit
697 2229 817 2258 dicitur.
845 2228 897 2256 Sed
924 2232 995 2256 totus

251 2274 301 2301 iste
323 2273 396 2301 locus
419 2273 564 2301 mendosus
586 2277 636 2308 est,
658 2282 738 2309 quem
762 2274 802 2301 sic
826 2274 940 2301 restitue
963 2282 994 2300 ex

252 2316 318 2345 edit.
340 2318 425 2345 Maur.
442 2318 510 2354 Opp.
527 2318 553 2346 S.
570 2318 726 2353 Augustini:
746 2329 756 2343 «
775 2318 995 2346 Praedestinatus

251 2367 293 2391 est
316 2372 380 2399 ergo
405 2363 498 2396 lesus,
523 2363 614 2399 utqui
636 2362 743 2390 futurus
766 2367 826 2391 erat
847 2364 995 2391 secundum

251 2416 362 2436 carnem
383 2407 455 2435 tilius
474 2407 571 2442 David,
592 2412 664 2435 esset
679 2411 769 2434 tamen
790 2408 816 2435 in
839 2407 935 2435 virtute
955 2408 995 2434 Fi-

252 2452 303 2480 lius
318 2452 383 2485 Dei3
445 2457 473 2479 ut
490 2452 561 2479 filius
576 2452 623 2479 Dei
638 2457 663 2480 et
680 2452 750 2480 filius
766 2453 883 2480 hominis
904 2453 995 2485 simul,

252 2497 322 2524 tilius
347 2497 464 2524 hominis
484 2501 595 2533 propter
615 2502 770 2533 susceptum
791 2498 944 2531 hominem,
971 2502 997 2525 et

251 2542 322 2570 filius
334 2542 381 2569 Dei
394 2545 504 2578 propter
514 2541 706 2577 suscipientem
719 2541 885 2577 unigenitum
899 2542 995 2576 Deum,

252 2587 384 2615 veraciter
406 2592 433 2615 et
456 2589 564 2623 proprie
586 2586 723 2615 diceretur
740 2597 752 2614 ι)
768 2588 832 2622 (De
847 2587 996 2616 Praedese.

252 2640 312 2668 cap.
329 2639 372 2665 xv,
389 2641 415 2660 n.
432 2633 494 2668 31).

858 214 885 240 S.
909 214 1046 240 IOANNES
1066 216 1089 240 11
1110 215 1162 240 PP.

1681 203 1746 238 499

1033 273 1064 298 et
1093 265 1284 309 Eutychem:
1322 277 1334 297 t<
1354 265 1530 308 Propterea
1560 263 1647 307 quod
1679 274 1715 296 ex
1747 270 1778 296 te

1032 319 1174 351 nascitur
1191 325 1349 359 sanctum,
1372 319 1538 352 vocabitur
1558 318 1657 351 Filius
1676 317 1731 350 Dei
1745 317 1773 358 ⁵}

1032 383 1069 404 ex
1097 378 1127 405 te
1149 373 1302 413 nascitur,
1335 373 1390 412 ait,
1414 378 1449 405 ut
1478 372 1708 417 proprietatem
1737 372 1776 404 de

1033 432 1134 459 matre
1155 427 1346 459 sumendam
1364 432 1493 459 nostrae
1512 425 1707 458 conditionis
1725 435 1777 458 ex-

1031 480 1187 523 primeret
1205 494 1234 513 υ.

1076 533 1129 566 His
1157 533 1255 575 igitur
1280 533 1447 566 evidenter
1467 539 1631 566 ostensum
1655 539 1712 570 est,
1736 532 1775 564 il-

1031 588 1146 620 lustres
1167 594 1197 619 et
1219 587 1382 628 magnifici
1405 587 1473 624 sitii,
1498 587 1576 630 quid
1597 586 1776 630 speraverit

1031 640 1220 684 imperator,
1242 640 1321 683 quid
1338 640 1484 673 Romana
1502 647 1657 683 sequatur
1674 645 1705 672 et
1722 649 1776 672 co-

1031 695 1074 727 lat
1090 694 1244 727 Ecclesia.
1269 695 1373 737 Atque
1395 693 1516 735 ἰςίῑυι·θ
1534 693 1694 726 Christum
1712 694 1775 726 Do-

1031 747 1155 780 minum
1181 753 1328 780 nostrum
1359 757 1458 779 unum
1489 757 1576 786 esse,
1612 753 1643 779 ut
1678 757 1775 790 saepe

1031 802 1182 841 diximus,
1200 807 1330 835 sanctae
1350 801 1515 834 Trinitatis
1525 813 1560 834 ex
1571 801 1695 834 duabus
1717 812 1774 834 na-

1031 856 1109 889 turis
1131 855 1407 898 cognoscendum,
1428 855 1489 888 hoe
1510 861 1570 895 est,
1596 855 1625 887 in
1652 854 1774 887 Deitate

1030 916 1061 943 et
1080 909 1282 943 humanitate
1303 910 1493 953 perlectum,
1515 919 1577 941 non
1594 914 1688 941 autea
1709 907 1774 940 exi-

1030 970 1132 998 stente
1158 974 1267 1003 carne,
1289 969 1319 996 et
1340 969 1451 1006 postea
1471 963 1561 995 unita
1582 963 1699 1001 Verbo,
1720 962 1775 995 sed

1031 1018 1146 1062 inipso
1160 1018 1225 1051 Deo
1240 1017 1346 1050 Verbo
1362 1017 1502 1055 initium,
1526 1021 1560 1048 ut
1581 1021 1674 1054 esset,
1693 1015 1777 1048 acci-

1031 1072 1123 1116 piens
1135 1072 1160 1112 73
1179 1071 1253 1104 inde
1266 1071 1351 1103 enim
1373 1081 1446 1103 vero
1459 1070 1468 1086 ⁸
1485 1081 1520 1103 ex
1542 1076 1691 1102 materno
1706 1080 1777 1102 cor-

1031 1136 1111 1169 pore
1132 1135 1208 1158 caro
1244 1124 1381 1168 sumpsit
1411 1124 1555 1163 initium,
1587 1124 1673 1157 salva
1702 1134 1778 1167 pro-

1031 1180 1166 1223 prietate
1196 1180 1246 1212 vel
1276 1178 1408 1211 veritate
1437 1178 1606 1221 utriusque
1627 1183 1774 1215 naturae,

1031 1234 1093 1267 hoc
1110 1239 1155 1267 est
1171 1232 1346 1266 divinitatis
1366 1238 1463 1276 atque
1484 1231 1705 1271 humanitatis,
1723 1231 1777 1264 Dei

1031 1287 1148 1320 Filium
1179 1286 1353 1320 Dominum
1382 1292 1530 1318 nostrum
1556 1286 1660 1318 Iesum
1681 1285 1774 1318 Chri-

1031 1346 1115 1374 stum
1137 1340 1288 1374 catholici
1309 1340 1515 1379 confitemur,
1532 1339 1703 1382 omnipost
1718 1338 1777 1370 hae

1032 1394 1316 1427 contmntationis9
1334 1393 1523 1426 confusione
1537 1393 1699 1426 submota.
1716 1392 1777 1425 Ne-

1032 1459 1093 1491 que
1106 1448 1190 1481 enim
1206 1453 1337 1480 naturas
1352 1447 1383 1479 in
1398 1457 1435 1480 eo
1450 1446 1542 1479 aliter
1555 1446 1772 1489 agnoscimus

1031 1502 1092 1535 nisi
1122 1501 1337 1535 differentiani
1371 1500 1588 1542 intelligentes
1617 1508 1647 1533 et
1668 1499 1773 1532 confi-

1032 1562 1134 1590 tentes
1154 1556 1331 1589 divinitatis
1351 1555 1447 1598 atque
1468 1554 1691 1587 humanitatis.
1715 1553 1777 1587 Sed

1031 1620 1090 1642 nec
1118 1610 1197 1642 duas
1225 1619 1380 1653 personas
1408 1608 1439 1640 in
1466 1608 1589 1641 Christo
1618 1607 1773 1649 intelligi-

1032 1674 1102 1696 mus
1127 1674 1184 1706 per
1207 1663 1239 1696 id
1260 1663 1348 1706 quod
1367 1661 1504 1695 dicimus
1526 1661 1605 1694 duas
1629 1667 1773 1701 naturas,

1031 1722 1065 1749 ut
1094 1716 1301 1749 adunationis
1323 1715 1513 1748 divisionem
1534 1716 1639 1748 facere
1662 1714 1775 1747 ridea-

1031 1780 1114 1811 mur,
1132 1776 1162 1803 et
1178 1770 1228 1811 sit,
1242 1770 1329 1813 quod
1343 1769 1436 1810 absit,
1453 1767 1695 1813 quaternitasss‘,
1712 1777 1777 1800 non

1029 1823 1186 1865 Trinitas,
1216 1823 1299 1857 sicut
1323 1822 1489 1856 Nestorius
1514 1822 1609 1856 sentit
1631 1821 1774 1861 insanus;

1066 1958 1081 1985 4
1100 1958 1171 1993 «Ep.
1187 1964 1272 1991 ccxix,
1289 1966 1315 1984 n.
1333 1957 1390 1984 3».
1412 1957 1488 1984 Cont.
1505 1957 1595 1984 Const.

1065 2002 1081 2030 5
1096 2002 1160 2030 Luc.
1178 2011 1197 2037 1,
1214 2002 1257 2037 38,
1271 2002 1317 2029 ubi
1332 2003 1412 2037 Vulg,
1425 2002 1504 2038 legit:
1523 2002 1643 2037 Ideoque
1658 2005 1684 2030 et
1700 2003 1774 2037 quod

1030 2051 1163 2076 nascetur
1181 2056 1215 2075 em
1231 2051 1255 2074 te
1275 2050 1418 2082 sanctum,
1435 2047 1582 2075 vocabitur
1598 2047 1694 2074 Filius
1712 2047 1773 2075 Dei.

1065 2094 1081 2119 6
1101 2093 1188 2120 Baron
1205 2092 1292 2120 omitt.
1312 2092 1416 2127 iyiczcr.

1066 2138 1079 2165 7
1100 2138 1288 2172 «Accipienle
1304 2147 1327 2163 1).
1349 2136 1426 2164 Cont.
1443 2138 1546 2169 Const.;
1563 2136 1596 2164 ad
1612 2136 1693 2163 locut.
1711 2144 1776 2163 con-

1031 2186 1094 2210 text.
1116 2186 1202 2216 recte‚
1224 2185 1252 2208 ut
1269 2181 1383 2208 ridetur.

1065 2229 1080 2256 8
1096 2229 1196 2255 Baron.
1215 2235 1357 2263 perperam
1377 2227 1446 2254 inde
1462 2227 1540 2254 enim
1558 2234 1621 2254 vero
1642 2226 1729 2253 omitt.

1065 2273 1081 2299 9
1100 2284 1112 2297 «
1124 2272 1342 2300 Communionis
1353 2284 1379 2298 ».
1393 2271 1443 2301 td.;
1455 2280 1519 2298 sane
1534 2271 1628 2299 melior
1639 2280 1666 2297 n.
1684 2271 1774 2304 lectio,

1030 2326 1098 2353 qnae
1111 2318 1216 2353 planior
1228 2317 1334 2352 evadet,
1346 2317 1368 2344 si
1384 2317 1420 2343 ita
1431 2317 1517 2352 legas:
1535 2316 1605 2343 Inde
1620 2317 1697 2343 cuim
1710 2324 1774 2343 cero

1030 2373 1065 2390 eas
1091 2366 1221 2390 »materno
1251 2370 1368 2397 corpore
1397 2370 1464 2388 caro
1492 2362 1616 2396 sumpsit
1643 2361 1773 2394 initium,

1029 2409 1109 2434 satra
1122 2407 1311 2442 proprietate,
1333 2407 1376 2432 rcl
1393 2406 1511 2434 veritate
1525 2407 1674 2440 utriusque
1690 2408 1775 2432 natu-

1031 2462 1096 2485 ruc,
1117 2453 1168 2479 hoc
1187 2455 1227 2478 est
1255 2451 1466 2485 humanitatis,
1495 2454 1580 2485 atque
1600 2450 1772 2477 diuinitatis.

1030 2498 1132 2532 Itaque
1147 2497 1201 2523 Dei
1216 2496 1327 2523 Filium
1344 2516 1396 2522 .....
1414 2496 1595 2530 confitemur,
1612 2495 1694 2521 omni
1710 2496 1774 2529 post

1031 2543 1083 2569 hac
1103 2541 1337 2568 commutationis
1356 2541 1524 2575 confusione
1543 2541 1683 2567 submota.

1071 2587 1101 2613 10
1121 2588 1218 2613 Baron.
1236 2586 1288 2622 leg.
1306 2589 1332 2614 et
1347 2595 1424 2619 νιοη,·
1446 2594 1505 2613 mox
1519 2586 1626 2619 sensit,¹
1643 2588 1669 2612 ct
1685 2584 1773 2620 paullo

1034 2636 1094 2668 post
1109 2632 1240 2660 credidit.

1811 214 1862 241 An.
1880 214 1910 241 C.
1925 213 1977 240 534

1837 808 1890 829 Caro
1912 808 1976 832 initur

1790 835 1976 860 Chrisltnonprtus

1790 863 1887 883 existens,
1898 862 1975 881 deinde

1790 890 1847 909 nnita
1856 888 1976 909 l'erho.sed

1791 917 1809 935 in
1820 917 1864 941 ipso
1874 915 1917 935 Deo
1925 914 1976 935 Ver-

1790 943 1817 962 bo
1826 942 1907 962 initium
1917 947 1976 961 acce·

1792 972 1832 995 pil:

1805 1449 1896 1470 Servata
1908 1450 1978 1469 lamen

1792 1479 1881 1502 utraque
1901 1478 1977 1496 natura

1792 1504 1812 1523 in
1829 1509 1869 1523 una
1888 1503 1977 1523 eadem-

1792 1536 1833 1556 que
1849 1535 1946 1556 persona.
