2244 3183
55 208 105 237 An.
121 208 148 235 C.
164 208 216 236 454

87 482 186 503 Veritatis
202 481 238 501 tlo-

55 510 120 530 ctrina
127 514 238 534 numquam

57 542 80 556 re
84 535 175 556 rsicotor.

74 695 148 716 Leonis
156 694 238 716 litterae

57 723 83 744 ad
98 722 221 743 Proterium.

70 801 133 823 Cuius
143 803 238 822 constan-

57 829 86 850 tia
100 829 240 853 otimpemtn-

28 856 31 857 ⁷
56 855 84 876 ris
90 854 240 876 cohortationi-

57 881 94 904 bus
109 881 237 902 adiuvanda.

83 1226 142 1248 Fidei
157 1227 241 1248 traden-

58 1254 98 1274 dae
113 1254 191 1280 optima
209 1260 240 1275 ra-

904 207 930 231 S.
953 207 1016 231 LEO
1037 207 1047 231 1
1068 208 1117 231 PP.

251 256 291 290 ad
314 256 426 289 beatae
457 255 633 289 memoriae
658 254 843 289 Flavianum
876 260 988 288 contra

251 308 415 353 Eutychen
436 309 571 352 impium
595 308 676 349 misi,
701 314 766 341 toto
785 307 883 340 corde
912 318 990 351 pro—

252 361 370 400 fitetur,
395 362 471 405 quid
493 361 580 395 aliud
601 372 697 405 quam
719 361 948 404 Apostolorum
961 372 993 393 se

253 415 391 448 ostendit
417 415 504 448 esse¹
523 415 741 459 discipulum?
766 414 922 454 Quoniam
938 415 994 447 do-

254 469 355 502 ctrina
376 469 517 502 veritatis
539 469 569 502 in
595 469 717 502 lumine
737 479 795 502 sno
809 474 991 512 permanet,
1011 487 1014 510 t

254 528 283 555 et
297 533 361 556 non
379 529 483 567 potest
504 534 571 556 esse
598 523 758 556 diversum
787 521 873 566 quod
895 532 994 554 unum
1012 512 1014 545 1

253 582 297 610 est
319 582 414 620 atque
436 576 636 609 individuum
651 576 671 608 ¹².
1013 571 1014 574 ’

297 630 369 663 Cap,
391 631 426 663 ΙΙ.
454 630 612 675 Rescripsi
636 630 742 674 itaque
753 629 920 674 praedicto
935 629 996 661 sra-

256 683 305 722 tri‚
334 684 421 727 quod
442 685 549 725 debui,
578 690 674 728 atque
692 684 723 716 in
752 689 863 717 sancto
889 682 996 716 studio

253 742 289 770 ut
305 743 536 781 perseveraret,
552 737 717 770 admonui.
742 736 800 776 Qui
818 736 886 769 sine
898 735 996 768 dubio

255 791 455 824 constantior
467 791 478 807 ³
508 791 590 832 erit,
625 791 650 824 si
679 791 775 824 etiam
806 789 996 823 clementiae

255 850 377 877 vestrae
410 845 689 878 cohortationibus
724 844 904 878 adiuvetur.
932 843 995 876 Nec

255 898 285 930 in
299 898 407 941 aliquo
425 909 499 931 eum
522 904 639 931 terreat
659 897 875 941 quorumdam
896 896 998 940 impe-

255 951 314 984 rita
343 951 509 991 dissensio,
542 961 624 994 quos
648 960 827 994 paucorum
851 949 998 982 haereti-

254 1015 366 1038 corum
397 1004 658 1047 instigationibus
691 1003 873 1047 ignorantia
900 998 1016 1035 facit⁴¹

253 1057 420 1090 obnoxios.
438 1058 528 1097 Quod
543 1069 620 1101 ergo
633 1069 690 1091 sua
711 1056 898 1100 diligentia5
911 1066 996 1089 asse-

254 1112 307 1156 qui
326 1118 502 1156 nequeunt,
525 1118 707 1156 opportune
725 1121 837 1144 eorum
850 1110 995 1143 insinue-

255 1171 307 1199 tur
319 1166 453 1199 auditui.
467 1167 503 1199 Et
516 1177 555 1199 ne
567 1172 763 1199 memoratus
775 1175 857 1198 nova
867 1164 994 1204 inferre,

256 1225 287 1252 et
303 1220 435 1264 propria
455 1220 603 1253 videatur
622 1220 802 1259 adstruere,
824 1217 995 1251 venerahi—

256 1274 334 1306 lium
355 1275 497 1315 Patrum,
522 1274 575 1318 qui
598 1274 702 1308 eidem
720 1272 879 1307 Ecclesiae
900 1282 995 1315 prae-

257 1327 396 1368 fuerunt,
419 1327 538 1371 scripta
551 1328 735 1370 relegantur
746 1327 766 1368 Β,
786 1332 817 1359 et
833 1326 910 1370 quid
924 1326 999 1358 bea-

258 1386 305 1413 tus
326 1381 528 1421 Athanasius,
549 1381 627 1425 quid
647 1380 830 1424 Teophilus‚
854 1379 931 1424 quid
945 1379 998 1423 Cy-

256 1434 357 1475 rillus,
371 1435 448 1479 quid
463 1435 557 1468 etiam
572 1435 625 1468 alii
636 1433 644 1449 ‘¹
658 1434 835 1468 Orientales
853 1433 997 1476 magistri

257 1489 295 1521 de
320 1489 543 1523 incarnatione
564 1490 689 1523 Domini
713 1488 882 1529 senserint,
906 1499 997 1522 reco-

257 1548 428 1585 gnoscant,
446 1553 510 1576 nec
523 1543 533 1559 ’³
548 1543 818 1587 rel‘mllulantibus
832 1541 997 1585 decipian-

258 1597 481 1630 turerroribus
497 1597 550 1641 qui
562 1597 638 1630 olim
655 1596 829 1638 evangelici
840 1595 999 1629 sermonis

257 1657 328 1684 sunt
355 1651 470 1684 virtute
506 1650 674 1695 prostrati:
701 1650 853 1694 quoniam
887 1660 999 1682 omnes

257 1706 323 1737 sere
343 1705 504 1745 haereses,
532 1715 614 1748 quae
640 1704 771 1738 diversis
800 1703 999 1747 temporibus

258 1758 441 1799 extiterunt,
466 1759 542 1792 dum
564 1765 802 1792 sacramentum
825 1768 1000 1802 corporeae

257 1812 430 1846 nativitatis
451 1819 481 1846 et
507 1812 664 1857 passionis
690 1823 725 1846 ac
755 1811 1000 1845 resurrectionis

257 1866 370 1901 Christi
391 1877 456 1901 non
482 1866 674 1909 intelligunt,
698 1866 737 1899 ab
755 1865 926 1907 Evangelio
947 1865 1001 1898 dc-

258 1920 395 1954 viarunt.
419 1921 455 1954 Et
475 1919 782 1965 posse11i11s⁹111i11t1s
804 1919 953 1952 laborare
968 1918 999 1951 in

295 2020 305 2045 1
329 2030 341 2043 «
359 2018 440 2046 Abest
461 2026 508 2046 vox
528 2026 583 2045 esse
602 2017 635 2044 ab
658 2017 722 2045 edit.
742 2021 794 2044 ret.
819 2027 842 2044 n.
875 2016 999 2044 Ballerin.

259 2058 309 2085 col.
328 2059 405 2085 1257.

293 2099 309 2125 2
328 2109 340 2123 α
355 2099 426 2125 Male
442 2103 497 2125 ant.
515 2098 579 2126 edit.
600 2102 686 2134 atque
707 2099 837 2126 (livinum
853 2110 879 2125 ».
902 2097 999 2125 Baller.

258 2134 274 2161 1-
291 2142 314 2162 c.
333 2139 359 2161 et
374 2135 492 2162 (jace-iar.
510 2143 571 2170 pag.
588 2135 649 2162 3922.

293 2174 310 2200 3
333 2186 345 2199 «
360 2176 420 2202 Vnt.
437 2176 484 2202 511
511 2178 682 2204 constans».
704 2175 822 2202 Cacciar.
844 2175 864 2202 1.
886 2182 909 2202 c.
933 2174 1001 2202 Con-

259 2209 353 2237 cinnus
369 2211 402 2238 ad
417 2216 533 2240 context.
552 2221 577 2238 n.
592 2212 608 2238 1.

259 2286 276 2313 d
293 2252 310 2277 4
334 2263 345 2276 α
361 2252 400 2315 All.
411 2253 477 2287 fecit
491 2265 516 2280 n.
527 2253 623 2280 Baller.
640 2253 658 2280 1.
678 2261 701 2280 c.
714 2252 822 2280 Rectius
836 2251 869 2279 ad
885 2258 942 2278 rem
964 2249 1001 2276 vi-

279 2291 314 2313 et.
332 2296 358 2314 n.
387 2309 392 2315 .

293 2328 310 2355 5
329 2339 341 2352 «
357 2329 420 2355 Ant.
445 2329 509 2356 edit.
536 2329 714 2364 neqliyenlia

259 2362 328 2390 Sane
343 2372 496 2399 perperam.

293 2403 310 2430 6
327 2414 338 2427 «
361 2404 400 2431 ΑΙ.
419 2407 552 2440 leyantur
567 2416 591 2431 ιι.
609 2405 734 2432 Ballerin.
750 2405 768 2431 1.
790 2412 813 2430 c.

295 2444 443 2472 7t3acciar.
471 2446 487 2472 Ι.
509 2454 532 2473 c.
563 2447 633 2480 quid
660 2446 748 2473 eliam
767 2445 937 2477 oriental233
963 2444 999 2470 al.

259 2479 328 2514 quid
342 2484 368 2507 et
383 2482 436 2508 atii
450 2483 613 2509 orientales.
632 2481 691 2508 vid.
709 2480 834 2507 Ballerin.
851 2480 867 2506 1.
889 2488 912 2506 c.

295 2517 311 2543 8
332 2528 343 2544 a
361 2516 426 2543 (jod.
445 2517 501 2543 Vat.
519 2526 553 2543 nc
577 2527 599 2543 ι).
621 2516 739 2543 Cacciar.
753 2516 770 2542 1.
788 2524 810 2542 c.
832 2519 858 2542 et
873 2514 998 2542 Balleriu.

739 2341 760 2354 -.
787 2326 913 2355 Balleriu.
935 2325 953 2352 1.
976 2332 999 2351 c.

260 2553 308 2579 col·
327 2554 403 2580 1ῗὶ58.
421 2553 530 2579 Rectius
545 2553 576 2579 ad
594 2556 711 2579 context.
729 2551 832 2578 videtur
856 2559 883 2578 n.
907 2550 997 2577 lectio.

294 2589 311 2615 9
330 2600 341 2613 κ
356 2589 394 2615 ΑΙ.
417 2597 478 2615 mss-
500 2591 624 2623 possenl;
640 2588 674 2614 al.
691 2595 852 2622 possumus-3
874 2586 908 2613 al.
932 2594 998 2620 pos-

259 2627 325 2651 sunt
340 2636 365 2652 n.
383 2624 507 2652 Ballerin.
525 2624 540 2651 l.
562 2633 586 2650 c.
603 2623 739 2650 Concinne
754 2622 787 2649 ad
802 2630 873 2649 sens.
892 2630 918 2649 n.
935 2622 952 2648 Ι.

1677 195 1741 229 133

1028 254 1194 288 haereticis
1208 255 1410 299 repellendis,
1420 255 1445 288 si
1457 255 1553 288 rudes
1567 254 1691 287 animos
1704 265 1740 287 ea
1751 252 1772 269 ¹⁴¹

1028 318 1093 341 non
1122 308 1287 342 turbarent
1316 308 1506 348 mendacia,
1531 318 1612 351 quae
1633 307 1771 351 peremit

1029 361 1214 404 antiquitas.
1232 362 1292 395 Sed
1309 372 1405 401 nunc,
1421 367 1456 394 ut
1470 361 1544 403 dixi,
1562 361 1612 393 hic.
1634 361 1771 394 docendi

1029 415 1170 458 optimus
1190 416 1304 448 modus
1321 422 1379 454 est,
1407 422 1439 448 ut
1459 421 1667 459 paternorum
1693 425 1768 447 sen-

1029 478 1121 500 suum
1133 468 1236 501 lineae
1247 467 1265 484 ¹¹
1275 469 1507 501 Alexandrinae
1518 468 1619 512 plebis
1629 474 1659 500 et
1668 467 1742 500 cleri
1752 467 1772 483 ¹²

1031 521 1161 554 auribus
1187 522 1404 554 innotescant:
1420 533 1456 555 ac
1476 522 1500 555 si
1525 522 1580 565 qui
1612 527 1696 562 sunt,
1718 521 1772 565 qui

1013 579 1014 590 ¹
1031 580 1139 607 nostra
1160 575 1278 619 scripta
1300 575 1488 619 despiciant,
1502 576 1563 608 illis
1576 575 1700 613 saltem,
1718 575 1771 617 qui

1031 628 1200 661 nobiscum
1212 629 1397 672 apostolicis
1408 629 1554 661 sensibus
1575 633 1768 670 congruunt,

1032 682 1248 726 acquiescant.
1272 683 1306 715 In
1327 693 1391 726 quo
1413 693 1508 726 opere
1538 683 1674 714 multum
1695 692 1772 714 con-

1031 736 1207 770 sacerdotis
1233 736 1294 769 mei
1309 735 1330 751 ¹³
1356 735 1525 769 devotione
1546 735 1712 777 gaudebo,
1743 742 1773 768 et

1031 800 1159 833 semper
1175 789 1272 833 ipsius
1290 789 1503 822 unanimitate
1522 788 1680 821 laetabor:
1697 787 1773 831 quia

1032 844 1172 876 fraterna
1189 854 1249 887 pax
1262 853 1327 876 non
1353 842 1413 875 nisi
1432 842 1464 875 in
1478 852 1542 874 una
1556 841 1574 857 ¹²
1594 841 1668 875 fidei
1690 851 1769 873 con-

1033 897 1169 930 sessione
1189 902 1343 930 servatur.

1076 951 1148 985 Car.
1177 951 1226 984 Ill.
1254 951 1333 990 Quia
1350 961 1425 983 vero
1461 949 1676 993 quorumdam
1699 948 1773 981 hae-

1033 1059 1105 1092 dam
1132 1058 1347 1092 nostrorum*5
1368 1058 1624 1101 simplicitatem,
1653 1056 1772 1099 episto-

1033 1113 1096 1144 lam
1122 1123 1239 1153 meam,
1264 1122 1360 1156 quam
1393 1111 1432 1144 ad
1457 1111 1568 1144 beatae
1597 1109 1772 1142 memoriae

1034 1166 1218 1199 Flavianum
1241 1165 1325 1205 dedi,
1350 1165 1477 1197 falsasse
1498 1163 1697 1208 perhibetur,
1726 1168 1770 1202 ut,

1034 1219 1238 1253 commutatis
1259 1219 1451 1263 quibusdam
1474 1217 1577 1251 verbis
1599 1217 1645 1250 vel
1675 1216 1771 1260 sylla-

1034 1271 1124 1313 l)is¹“‚
1155 1278 1357 1316 receptorem
1379 1282 1429 1304 me
1458 1269 1631 1304 nestoriani
1655 1269 1773 1303 erroris

1033 1325 1227 1366 assereret¹⁷,
1252 1326 1386 1358 obsecro
1405 1324 1620 1358 venerabilem
1631 1324 1772 1356 clemen-

1034 1380 1108 1412 tiam
1127 1385 1276 1417 vestram,
1299 1384 1334 1412 ut
1354 1379 1501 1411 camdem
1524 1377 1691 1421 epistolam
1717 1387 1774 1420 per

1034 1434 1165 1467 fratrem
1187 1444 1294 1466 mcum
1323 1433 1481 1466 Iulianum
1503 1431 1701 1476 episcopum,
1725 1430 1772 1463 vel

1033 1497 1097 1524 cos„
1122 1498 1203 1531 quos
1227 1487 1360 1520 idoneos
1375 1487 1414 1519 ad
1432 1487 1491 1519 hoc
1507 1496 1586 1529 opus
1607 1485 1706 1529 pietas
1723 1495 1774 1517 vc-

1033 1547 1095 1573 stra
1115 1541 1280 1582 delegerit,
1302 1540 1333 1573 in
1355 1551 1505 1580 graecum
1524 1549 1707 1572 sermonem
1728 1538 1774 1570 iu-

1034 1595 1133 1627 beatis
1165 1595 1287 1636 integre
1320 1594 1556 1637 diligenterque
1585 1593 1768 1625 translatam

1034 1660 1092 1692 per
1113 1649 1266 1681 idoneum
1286 1647 1511 1692 perlatorem¹¹⁴
1531 1647 1589 1680 suh
1614 1645 1709 1679 vestri
1727 1645 1771 1677 si-

1034 1702 1161 1743 gnaculi
1192 1700 1405 1745 impressione
1440 1699 1558 1734 deferri
1585 1699 1773 1732 tradendam

1035 1755 1193 1789 iudicibus
1213 1753 1447 1795 Alexandrinis,
1471 1753 1525 1797 qui
1547 1764 1616 1786 eam
1636 1753 1722 1786 clero
1745 1757 1776 1784 et

1035 1809 1119 1853 plebi
1146 1808 1246 1852 ipsius
1267 1807 1400 1840 civitatis
1436 1817 1508 1840 cum
1534 1806 1773 1851 praedictorum

1035 1863 1260 1906 cpiscoporum
1281 1861 1587 1905 praedicationiluts,
1609 1859 1725 1904 quihus
1746 1866 1774 1891 et

1036 1928 1106 1950 mea
1118 1916 1236 1960 scripta
1246 1915 1266 1931 ¹⁹
1278 1915 1492 1955 consentiunt,
1505 1914 1618 1947 saciant
1634 1913 1771 1949 ret-itari,

1071 2015 1104 2042 10
1119 2013 1236 2042 Caeciar.
1259 2013 1276 2041 l.
1293 2022 1317 2040 c.
1334 2021 1394 2039 cuin
1408 2013 1442 2039 al.
1460 2013 1534 2047 ipsa.

1071 2057 1099 2083 tt
1119 2055 1236 2082 Caeciar.
1254 2054 1271 2081 l.
1290 2063 1313 2081 c.
1330 2063 1390 2081 cuni
1413 2054 1447 2081 al.
1475 2054 1583 2081 lima...

1037 2096 1189 2131 Perper-am,
1207 2099 1235 2122 ut
1249 2094 1364 2121 videtur.

1072 2136 1103 2162 12
1123 2147 1134 2160 «
1150 2136 1216 2163 Tres
1231 2135 1298 2162 Vatt.
1315 2134 1374 2162 cod.
1391 2134 1556 2162 clericorum
1575 2146 1597 2158 u.
1615 2132 1688 2158 Cacc.
1711 2131 1727 2157 1.
1750 2140 1773 2156 c.

1604 2053 1771 2080 innotescat.

1072 2178 1104 2203 13
1122 2187 1131 2202 u
1150 2178 1209 2204 Duo
1223 2177 1290 2203 Van.
1308 2177 1398 2204 ποεῖν-ι’
1412 2185 1434 2201 n.
1453 2175 1548 2201 Baller.
1565 2177 1590 2199 et
1604 2173 1678 2199 Caco.
1696 2171 1723 2197 11.
1735 2180 1773 2197 ον.

1072 2219 1080 2244 1
1095 2218 1105 2244 ἰ
1125 2229 1136 2242 «
1147 2218 1186 2244 Al.
1203 2226 1263 2244 cum
1278 2216 1387 2243 Cacciar
1408 2216 1425 2242 1.
1439 2224 1462 2241 ε.
1476 2214 1566 2241 delent
1582 2214 1622 2245 ιἠ;
1636 2212 1672 2238 al.
1687 2211 1772 2238 omitt.

1037 2266 1096 2285 una
1115 2269 1140 2284 n.
1163 2258 1286 2284 Ballerin.
1309 2260 1335 2284 et
1354 2255 1472 2283 Caeciar.
1496 2254 1522 2280 11.
1549 2262 1588 2279 cc.
1610 2252 1678 2278 Sane
1701 2253 1774 2277 recte

1035 2298 1067 2325 ad
1083 2302 1199 2325 context.
1215 2306 1240 2324 n.
1259 2297 1276 2324 1.

1072 2339 1104 2369 15
1123 2338 1241 2365 Cacciar.
1259 2338 1276 2365 1.
1291 2346 1314 2364 c.
1331 2345 1391 2363 cum
1408 2336 1441 2363 al.
1459 2335 1599 2362 aliorum.

1073 2379 1104 2404 16
1120 2378 1238 2405 Cacciar.
1253 2377 1269 2403 1.
1280 2385 1304 2403 c.
1317 2376 1421 2404 titteris
1437 2375 1477 2402 rel
1491 2374 1608 2409 syllabis
1622 2383 1627 2402 ;
1639 2372 1670 2400 al.
1686 2372 1775 2399 verbis

1035 2422 1059 2447 el
1070 2419 1195 2453 syllabis.
1214 2416 1270 2443 l'id.
1288 2420 1315 2442 ct
1329 2415 1453 2442 Ballcrin.
1479 2414 1495 2440 l.
1519 2422 1542 2440 c.

1072 2461 1100 2486 17
1127 2469 1138 2483 ι(
1153 2458 1195 2484 Al.
1218 2457 1283 2484 Nes!
1304 2456 1406 2483 rianae
1428 2455 1555 2482 haeresis
1571 2456 1722 2483 asserunl;
1739 2452 1772 2477 at.

1034 2501 1190 2526 assererent
1209 2508 1234 2523 ι.
1257 2496 1292 2522 Ba
1305 2495 1383 2522 lei-in.
1401 2495 1417 2521 1.
1431 2503 1454 2521 c.

1072 2540 1102 2565 18
1119 2548 1129 2563 (ι
1148 2537 1185 2564 ΑΙ.
1205 2538 1323 2564 latorem
1339 2544 1362 2561 r».
1381 2534 1505 2561 Ballerin.
1523 2534 1540 2559 l.
1558 2542 1582 2559 c.

1069 2580 1100 2606 l‘.)
1115 2577 1234 2605 (Jaceiar.
1251 2577 1268 2603 1.
1286 2585 1309 2603 c.
1327 2576 1430 2610 quibus
1448 2583 1510 2601 mea
1529 2573 1650 2607 scripta,
1668 2572 1700 2598 al.
1720 2581 1771 2605 qu«

1032 2623 1057 2646 et
1074 2627 1133 2646 meo
1148 2617 1266 2652 scripto.
1284 2615 1342 2642 vid.
1359 2619 1384 2642 et
1401 2614 1520 2641 Cacriar.
1534 2614 1550 2639 1.
1563 2622 1588 2639 c.

1805 204 1853 231 An.
1871 205 1900 231 C.
1918 204 1966 230 454

1815 797 1914 817 Frater-na
1933 802 1972 821 pax

1788 830 1828 843 una
1837 824 1883 843 titi-ti
1891 823 1971 843 conses-

1788 856 1845 869 Slsssst'
1857 854 1958 869 seviatur.

1803 956 1877 975 Leonis
1887 955 1972 978 «lomna-

1085 1004 1090 1009 .
1789 985 1830 1001 tnui
1841 983 1929 1006 epistola
1946 982 1973 1001 ab

1033 1011 1205 1038 reticorum
1220 1009 1345 1037 versuta
1355 1003 1509 1047 nequitia.
1527 1003 1566 1035 ad
1579 1002 1773 1035 conturban-
1790 1015 1854 1060 :35¹5
1875 1016 1883 1027 c
1898 1014 1903 1017 ¹
1928 1014 1952 1028 co

1822 1382 1870 1402 hieu
1887 1388 1972 1401 accura—

1789 1412 1830 1429 tius
1839 1409 1858 1428 in
1875 1414 1972 1434 grav-ritu·

1789 1435 1941 1456 tmnst'eren-ta,

1817 1756 1843 1776 Ae
1853 1758 1880 1776 ita
1889 1755 1916 1775 ad
1928 1755 1973 1775 Ate-

1791 1782 1903 1803 xandrinos
1935 1787 1974 1807 pu-

1791 1810 1845 1830 blico
1856 1809 1974 1829 recitanda.
