2244 3183
50 243 100 270 An.
120 242 150 270 C.
165 242 216 270 ⁴83

64 544 66 546 q
85 517 122 537 Cui
138 518 164 547 ab
180 518 232 537 Aca-

50 550 82 563 cn·
93 546 188 568 protinus
201 550 232 564 te-

49 570 199 595 spondendum

117 1580 233 1601 Procmsii-

47 1607 233 1628 natiuaecomate-

49 1634 86 1653 scit
100 1635 156 1660 qiiod
172 1637 232 1654 ιιιιιιΙ-

49 1663 98 1680 titur
126 1667 232 1685 cuitu-eii·

49 1687 104 1707 itum.

877 245 903 269 S.
928 245 1023 269 FELIX
1046 244 1080 269 111
1102 246 1151 270 1³1³.

248 292 290 325 ris
303 292 351 325 sui
369 292 482 326 heatae
496 293 673 326 memoriae
694 292 857 326 Athanasii
879 304 987 326 exem-

248 346 320 389 plo,
349 352 379 379 et
408 347 551 390 priorum
581 354 765 380 nostrorum
798 357 862 380 non
884 347 989 390 potni-

249 408 320 431 mus
342 399 484 432 refutare
498 399 518 432 ¹.

292 452 329 484 Et
360 452 432 485 ideo
464 454 553 486 lectis
586 454 721 487 subditis
741 454 769 494 ²,
804 454 902 486 frater
936 464 989 486 ca-

250 504 396 545 rissime,
428 507 466 539 ad
498 507 577 539 haec
608 517 690 550 quae
721 507 887 551 proposita
922 516 989 539 esse

248 559 434 600 cognoscis,
469 560 553 603 aliud
579 561 611 593 B.
635 561 763 593 Petrum
793 559 986 603 apostolum,

248 613 298 645 cui
320 623 430 656 preces
457 613 488 646 in
520 614 613 647 nohis
634 614 756 647 oblatas
777 613 935 657 pervides,
960 618 988 645 et

247 676 342 708 quem
376 666 494 708 ligandi
527 673 623 710 atque
648 667 791 700 solvendi
813 677 830 699 a
853 665 988 699 Domino

245 724 436 761 potestatem
469 720 673 763 sumpsisse‘ss
697 731 761 753 non
783 726 873 764 potes
900 719 985 752 diffi-

248 772 326 812 teri,
359 772 390 804 in
418 779 577 806 conventu
606 774 740 806 fratrum
763 780 793 807 et
818 773 985 817 coepisco-

246 836 362 868 porum
380 832 564 859 nostrorum
587 827 783 870 respondere
804 827 931 865 t'estina;
954 832 990 859 ut

247 880 277 912 in
296 880 484 913 alterutram
502 887 626 925 partem
648 882 734 924 quod
758 881 876 914 iustitia
897 891 990 923 para-

246 933 324 966 verit
343 934 541 974 ordinantes,
565 935 681 967 amotis
699 934 859 967 scandalis
879 934 988 966 Eccle-

246 986 378 1028 siarum,
406 999 486 1032 quas
512 988 614 1021 scindi
644 989 808 1028 videmus,
842 994 989 1031 reparata

247 1042 421 1074 eoncordia
439 1048 469 1074 et
485 1047 609 1074 servata
628 1042 810 1085 integritate
828 1041 914 1081 tidei,
932 1051 990 1084 pu-

247 1094 290 1127 ris
303 1095 464 1128 mentibus
477 1095 717 1139 acceptissimas
730 1096 738 1111 '¹
754 1095 909 1128 faciamus
922 1095 990 1138 pla-

248 1148 383 1182 cationis
404 1149 535 1188 hostias‚
558 1160 638 1192 quas
661 1159 721 1193 pro
750 1149 836 1182 omni
868 1149 990 1192 populo

247 1201 421 1234 christiano
447 1207 478 1234 et
505 1202 608 1235 salute
636 1201 860 1245 gloriosissimi
882 1202 987 1246 impe-

248 1255 363 1288 ratoris
389 1255 565 1289 offerimus.
591 1256 639 1289 Ad
661 1267 757 1300 quam
781 1266 846 1289 rem
869 1256 908 1289 de
926 1256 991 1288 col—

249 1308 331 1351 legio
362 1315 474 1342 nostro
505 1309 618 1342 fratres
645 1315 673 1342 et
700 1310 910 1353 coepiscopos
934 1320 991 1342 no-

247 1368 329 1395 stros
349 1362 483 1395 Vitalem
516 1369 546 1396 et
576 1363 752 1404 Misenum,
779 1374 851 1396 cum
873 1363 991 1407 quibus

248 1415 339 1447 illum
365 1425 382 1448 a
408 1416 506 1449 latere
538 1422 649 1449 nostro
679 1417 902 1450 fidelissimum
934 1427 992 1450 no-

247 1474 349 1501 strum
379 1469 516 1502 Felicem
547 1470 747 1503 defensorem
779 1476 908 1504 sanctae
935 1471 991 1503 Ec-

248 1522 364 1555 clesiae
385 1523 549 1556 Romanae
570 1523 774 1557 ordinatione
795 1524 988 1564 direximus,

248 1575 365 1619 quibus
384 1586 507 1609 moram
522 1576 590 1610 sieri
606 1587 670 1610 non
685 1583 824 1621 oportet,
841 1588 880 1610 ne
894 1579 933 1611 ad
944 1578 991 1610 in-

247 1629 467 1671 dignationem
489 1630 615 1663 Domini
637 1632 888 1674 provocandam,
908 1642 991 1675 quae

248 1683 440 1725 corrigenda
449 1690 533 1724 sunt,
546 1685 990 1728 procrastinationihus·‘·con-

249 1737 407 1770 valescant
421 1738 441 1770 ὓ.

481 2007 664 2041 EPISTULA
691 2008 753 2041 tw.

247 2123 370 2156 Zenoni
400 2125 630 2167 conqueritur,
659 2125 744 2168 quod
770 2125 924 2168 Mogsqum
949 2126 988 2158 ab

291 2196 315 2228 A
325 2196 523 2229 lazzcefizdrina
536 2196 677 2229 Ecclesia
688 2197 767 2229 olim
780 2198 883 2240 ips-ius
892 2209 989 2241 opera

292 2268 362 2300 inre
388 2268 596 2311 sletnrhatmn.
628 2280 715 2302 mmc
743 2271 846 2303 eidem
863 2272 986 2314 pracsi-

284 2368 293 2392 1
314 2366 352 2392 ld.
375 2366 435 2393 cod.
453 2367 521 2394 male
537 2367 718 2401 refraenare.

283 2406 299 2432 2
314 2406 357 2432 ΑΙ.
375 2407 518 2434 subiectis.

282 2446 299 2472 3
314 2446 410 2473 Mattli.
428 2454 481 2480 xvi,
500 2456 523 2474 ν.
542 2448 584 2474 19.

282 2487 297 2512 4
317 2487 359 2514 ld.
379 2486 439 2514 cod.
458 2487 500 2514 hic
515 2488 589 2514 addit
606 2489 674 2515 Deo.

283 2528 299 2553 ἴ)
320 2527 358 2554 ld.
375 2528 435 2555 cod.
450 2529 704 2562 frustrationibus.

283 2567 300 2592 (i
315 2567 343 2593 In
360 2567 405 2594 cit.
423 2568 484 2595 eod.
505 2568 600 2596 chron.
622 2569 708 2596 deest.
724 2569 858 2596 Bai-onius
876 2579 948 2606 vero,
967 2575 992 2597 et

251 2607 316 2633 taire
337 2607 354 2634 l.
373 2617 396 2634 c.
414 2616 457 2644 ep.
475 2609 640 2636 rcferuntad
658 2618 720 2636 anu.
737 2611 800 2637 4⁸23.

285 2647 299 2673 7
321 2647 356 2673 Ex
372 2648 471 2675 Baron.
490 2649 595 2677 Annei.
614 2654 677 2677 tom.
701 2658 736 2681 vi,
759 2659 818 2685 pag.
837 2650 896 2677 380,

1667 236 1730 269 2³47

1067 294 1217 326 effandum
1252 294 1336 335 velit,
1361 304 1497 338 cumque
1523 294 1561 326 (Ie
1590 294 1706 337 lcqalt‘s
1726 295 1768 326 ad

1067 357 1222 390 Acacium
1246 358 1353 390 missis
1374 358 1520 391 instruit.

1068 454 1143 486 Cum
1170 455 1229 487 sibi
1245 457 1255 469 ⁸
1275 455 1434 488 redditam
1449 466 1573 499 pacem,
1603 466 1766 499 compres-

1024 506 1067 539 sis
1091 518 1148 550 per
1173 519 1227 540 ros
1260 508 1441 549 haereticis,
1470 510 1524 552 qui
1546 510 1768 542 sentiebantur

1024 559 1139 599 attolli,
1163 561 1351 594 universalis
1380 563 1533 603 gauderet
1562 563 1712 601 Ecclesia,
1737 568 1765 595 et
1782 576 1814 594 siz.

1024 618 1145 645 vestrae
1167 614 1293 656 pietatis
1320 614 1490 657 imperium
1506 616 1602 648 etiam
1617 617 1627 632 ⁹
1648 617 1686 649 de
1708 617 1768 648 ini-

1025 666 1115 699 micis
1136 667 1202 700 suis
1231 667 1398 700 victoriam
1424 674 1629 711 reportasset,
1662 676 1689 702 et
1713 680 1769 713 per

1023 720 1208 753 universum
1230 721 1342 754 orhem
1369 732 1428 764 pro
1453 722 1554 755 salute
1577 729 1697 755 vestrae
1722 734 1769 755 se-

1024 773 1169 806 renitatis
1181 774 1285 808 oratio
1299 781 1490 808 cunctorum
1507 776 1644 809 oraret¹‘¹
1657 777 1696 808 ad
1707 777 1768 809 Do-

1025 826 1147 859 minum
1177 828 1400 867 sacerdotum,
1432 834 1463 862 et
1488 828 1506 844 ¹¹
1529 835 1632 861 vestra
1668 829 1770 872 pietas

1023 880 1098 913 tidei
1110 881 1215 913 cultor
1226 882 1634 915 etdefensororthodoxiae
1648 883 1707 915 sul)
1718 893 1771 915 ae-

1026 933 1105 965 terni
1116 933 1200 975 regis
1213 934 1445 977 propitiatione
1458 942 1622 977 regnarem
1639 937 1770 978 quando

1023 987 1198 1019 venerandi
1225 987 1332 1030 apices
1356 988 1451 1021 vestri
1468 1015 1475 1027 ‚
1507 995 1538 1021 et
1567 989 1632 1022 Deo
1657 989 1767 1032 proxi-

1025 1049 1076 1071 ma
1097 1050 1231 1073 currens
1256 1041 1295 1073 de
1319 1052 1411 1074 sacro
1432 1047 1564 1086 pectore
1584 1043 1771 1086 frequenter

1024 1093 1200 1126 auctoritas
1232 1093 1315 1127 inter
1345 1095 1463 1137 gaudia
1493 1096 1613 1139 recepti
1642 1096 1769 1139 imperii

1025 1145 1155 1179 Petrum
1183 1154 1408 1181 conversatum
1441 1159 1514 1181 cum
1545 1149 1716 1182 haereticis
1741 1156 1769 1182 ct

1025 1199 1206 1242 parricidae
1236 1200 1280 1232 illi
1306 1201 1474 1234 Timotheo
1500 1202 1726 1235 cohaerentem
1753 1213 1770 1234 a

1024 1252 1166 1294 profanis
1175 1253 1264 1296 (quia
1275 1264 1334 1287 nec
1344 1254 1384 1286 ab
1393 1254 1462 1287 aliis
1472 1254 1539 1287 tieri
1551 1256 1690 1298 poterat)
1700 1256 1771 1288 Ale—

1026 1307 1202 1340 xandrinae
1223 1308 1381 1341 Ecclesiae
1395 1309 1595 1352 episcopum,
1613 1316 1769 1352 quantum

1026 1360 1085 1393 sibi
1116 1361 1364 1402 existimaverat,
1393 1362 1590 1403 ordinatum,
1615 1364 1771 1406 acceptis-

1025 1414 1107 1446 sima
1128 1415 1192 1447 Deo
1212 1415 1442 1459 praeceptione
1471 1416 1650 1449 deiecerat:
1675 1423 1704 1450 et
1727 1423 1771 1461 13--

1027 1468 1119 1500 ranni
1140 1468 1273 1509 litteras,
1296 1480 1376 1513 quas
1394 1469 1425 1501 in
1441 1470 1642 1503 eversionem
1658 1476 1771 1503 contra

1007 1565 1009 1575 Ι
1026 1522 1070 1554 sas
1090 1527 1121 1554 et
1140 1523 1335 1555 sacrosancti
1369 1523 1618 1557 Chalchedonsis
1638 1524 1770 1558 Concilii

1026 1575 1230 1608 definitiones
1256 1586 1346 1609 mens
1370 1576 1482 1609 insana
1502 1577 1687 1617 dictaverat,
1710 1589 1770 1621 pro

1025 1629 1115 1670 regni
1137 1630 1184 1662 sui
1207 1630 1501 1670 commendatione,
1526 1631 1700 1663 evacuavit.
1726 1631 1770 1663 lta

1025 1682 1141 1715 deinde
1152 1683 1277 1716 illicitas
1287 1683 1507 1717 ordinationes
1518 1684 1597 1725 eius,
1615 1684 1661 1717 vel
1673 1685 1768 1718 etiam

1024 1736 1200 1777 Timothei,
1231 1742 1344 1781 utpote
1373 1738 1632 1778 haereticorum,
1664 1738 1770 1771 irritas

1025 1791 1111 1829 focile,
1123 1797 1219 1834 atque
1233 1801 1299 1831 eos
1314 1796 1471 1835 quantum
1492 1797 1579 1825 extra
1593 1792 1767 1825 Ecclesiam

1024 1844 1156 1885 fuerint,
1181 1844 1377 1878 iudicavitvffi.

1067 1897 1129 1930 Sed
1149 1907 1236 1930 nunc
1257 1908 1349 1939 eum,
1374 1898 1505 1931 mutatis
1525 1899 1671 1931 omnium
1692 1909 1769 1941 gau-

1024 1950 1084 1983 diis
1110 1950 1141 1983 in
1175 1961 1370 1992 moerorem,
1400 1951 1561 1985 Ecclesiae
1582 1953 1769 1986 Alexandri-

1023 2015 1083 2038 nae
1101 2005 1312 2048 cognovimus
1340 2005 1538 2049 praesidere,
1562 2007 1650 2050 quod
1671 2006 1696 2040 si
1718 2018 1768 2040 ve-

1024 2070 1095 2092 rum
1117 2065 1164 2093 est
1183 2061 1231 2103 (ut
1251 2060 1520 2093 christianissimo
1545 2061 1685 2104 principi
1716 2071 1769 2094 co—

1024 2124 1091 2146 ram
1114 2114 1178 2147 Deo
1191 2113 1645 2157 fiducialiterestsaciendum)
1659 2114 1768 2147 divino

1024 2166 1144 2200 iudicio
1165 2167 1379 2209 suggerimus.
1403 2178 1468 2200 non
1487 2167 1678 2201 leviteresse
1692 2178 1768 2211 pen-

1024 2221 1177 2258 sandum,
1202 2221 1261 2254 nisi
1295 2221 1388 2254 certis
1401 2220 1423 2237 ¹³
1443 2221 1604 2261 remediis,
1628 2221 1714 2264 quod
1738 2221 1767 2253 in

1025 2274 1255 2307 contumeliam
1280 2275 1334 2307 Dei
1361 2275 1478 2307 sactum
1511 2274 1642 2315 dicitur,
1674 2274 1766 2307 suerit

1061 2372 1076 2397 8
1096 2372 1159 2399 Sibi
1173 2371 1249 2398 deest
1269 2371 1294 2398 in
1312 2371 1371 2398 cod.
1390 2371 1448 2398 Vat.
1467 2371 1545 2399 1353.

1060 2412 1077 2438 9
1092 2412 1188 2439 Etiam
1204 2411 1290 2438 desid.
1309 2412 1334 2438 in
1355 2419 1381 2437 n.
1403 2411 1462 2438 cod.
1482 2411 1560 2439 1342.

1062 2454 1095 2478 to
1111 2452 1166 2479 Duo
1178 2460 1223 2478 nu.
1232 2452 1309 2479 codd.
1320 2452 1412 2488 legunt
1422 2455 1588 2480 cunctorum
1598 2456 1672 2480 crat.
1683 2454 1769 2480 Porro

1025 2492 1126 2519 rectius
1141 2492 1172 2519 ad
1189 2495 1270 2524 orat„
1287 2492 1433 2519 dummodo
1453 2495 1523 2519 essee
1544 2492 1689 2527 legeretur.

1065 2533 1090 2559 ll
1111 2532 1194 2559 Codd.
1215 2533 1281 2558 '1342
1297 2536 1323 2559 et
1335 2532 1403 2559 1353
1417 2541 1465 2568 pro
1484 2535 1509 2560 el
1526 2532 1626 2559 liabent
1644 2536 1682 2560 ut.
1702 2535 1768 2569 Apte.

1026 2571 1135 2606 quidem
1152 2572 1184 2598 ad
1201 2576 1318 2599 context.

1064 2613 1096 2639 12
1112 2614 1151 2639 ΛΙ.
1168 2613 1317 2640 inclinavit.
1333 2613 1402 2640 Saue
1416 2613 1515 2640 melius
1530 2613 1562 2640 ad
1579 2617 1696 2640 context.

1065 2653 1096 2679 13
1112 2653 1163 2679 uit.
1182 2652 1242 2680 cod.
1256 2654 1324 2680 1342
1344 2654 1492 2682 celeribus.

1798 246 1847 272 An.
1866 247 1893 273 C.
1916 247 1966 274 483

1809 466 1865 486 Zeno
1880 473 1967 492 nupt-tto

1784 496 1892 513 restitutus
1911 495 1966 517 λῐυμΑ

1783 527 1829 545 guin
1846 521 1871 540 ali
1883 522 1967 540 Alexan.

1783 548 1877 566 Ecclesia
1896 548 1967 566 dotiu-

1837 1905 1897 1925 Dolet
1913 1904 1968 1931 quint

1784 1932 1818 1952 liic
1834 1932 1854 1952 in
1868 1938 1968 1957 praeseus

1784 1958 1969 1984 euleu-,praeliem-

1784 1987 1823 2005 tur.
