2244 3183
494 195 555 229 128

459 254 529 288 dios
549 254 699 293 veritatis,
724 253 819 286 totius
848 253 959 286 mundi
978 252 1127 297 precibus
1145 263 1198 285 re-

460 307 564 341 media
586 306 832 340 illuminationis
851 306 996 350 accipiat,
1017 311 1048 339 et
1067 316 1197 339 execra-

459 360 530 394 bilis
542 360 685 394 Dioscori
700 361 785 393 ultra
795 359 951 401 contagiis
961 369 1026 392 non
1037 364 1195 402 gravetur:

458 412 538 447 nec¹
556 413 588 446 in
610 413 665 446 illo
687 412 869 446 dominicae
890 422 964 446 oves
1000 412 1197 456 imprudenti

456 467 570 500 affectu
606 476 777 510 personam
812 465 947 509 diligant
978 465 1195 509 pastoralem,

456 530 552 563 quem
592 520 713 564 experti
742 525 816 553 sunt
851 519 1071 553 saevissimum
1102 518 1198 552 fuisse

415 574 421 580 ”
455 584 583 607 morum
605 579 634 607 et
666 573 740 607 fidei
771 578 972 607 vastatorem.
1002 573 1039 606 Et
1072 573 1145 606 ideo
1165 572 1197 605 in

454 632 564 660 sancto
586 633 616 660 et
637 627 776 660 mirabili
798 626 904 660 studio
925 637 983 660 suo
1015 631 1198 670 perseveret

455 686 558 714 vestra
577 680 760 721 clementia,
785 686 817 713 ul
839 680 864 713 si
886 680 963 724 quid
981 690 1118 724 usquam
1143 684 1197 712 aut

454 744 587 777 aegrum
608 733 771 767 invenitur
791 741 846 767 aut
865 733 1042 773 turbidum,
1066 739 1095 766 et
1113 732 1197 767 sani-

454 787 509 820 tati
528 787 682 821 reddatur
712 793 742 820 et
774 787 854 831 paci:
894 786 970 831 quia
997 786 1129 829 dignum
1151 790 1197 819 est

454 841 499 873 ila
527 851 582 874 vos
617 841 802 885 praesidere
838 841 936 874 rebus
970 840 1133 880 humanis,
1162 845 1197 873 ut

454 893 618 936 gaudeatis
643 893 852 927 sacramentis
868 893 988 927 servire
1006 893 1130 926 divinis.

497 946 565 980 Dat.
602 946 716 990 quinto
748 946 820 980 idus
848 946 1009 987 Ianuarii,
1042 946 1135 981 Aetio
1163 952 1195 980 et

453 1000 566 1033 Studio
586 1000 662 1033 viris
683 1000 869 1034 clarissimis
887 1000 1084 1034 consulibus.

489 1061 547 1089 Dat.
564 1062 606 1089 die
626 1063 643 1089 9
663 1061 789 1096 ianuarii,
807 1070 850 1089 an.
869 1062 930 1090 454.

258 205 307 232 An.
325 205 352 231 C.
376 205 426 232 452

276 427 390 447 Dioscorus
399 432 441 447 mo·

256 460 301 474 rum
308 453 399 479 fideique
407 459 441 473 va·

255 482 321 500 stator
345 480 441 501 raucien—

256 506 301 526 nna.

334 798 409 821 Cathol
421 804 438 820 ci

269 826 355 855 rincipis
370 826 437 846 nnita

270 857 350 873 umam!
359 858 439 878 pfaGSl-

254 878 319 903 dere,
335 881 358 899 ut
373 879 438 900 inser-

235 915 238 918 *
253 905 297 926 viat
311 905 394 926 divinis.

640 1250 825 1285 EPISTOLA
843 1251 973 1284 Lxxxv
987 1250 1007 1283 ³.

450 1348 586 1382 Iuliano
607 1348 645 1381 de
664 1349 788 1381 eximia
807 1348 974 1381 Marciani
997 1358 1075 1392 erqo
1087 1348 1194 1382 Eccle-

493 1402 580 1434 siam
598 1401 834 1442 sollicitudine,
851 1411 975 1434 necnon
993 1401 1030 1435 de
1050 1402 1196 1435 Proterii

493 1455 556 1497 fide
583 1455 773 1499 yratulatus
806 1456 843 1489 in
877 1456 1073 1489 Pasclzalem
1108 1456 1195 1489 diem

494 1510 577 1542 anni
595 1508 660 1542 [455
685 1510 815 1554 inquiri
838 1510 944 1554 cupit:
968 1510 1052 1543 dotet
1072 1510 1191 1554 episto-

496 1563 563 1596 lam
587 1573 682 1595 suam
707 1563 750 1595 ad
775 1562 1068 1597 Chalceclonensem
1091 1574 1190 1606 syno-

494 1616 573 1649 clttm
593 1616 751 1649 mutilam
774 1616 875 1659 fuisse
896 1616 1024 1649 lectam:
1042 1617 1079 1649 de
1103 1617 1194 1650 Aetii

491 1670 691 1713 pur-(satione
707 1673 874 1702 recreatur
885 1681 894 1702 .·
910 1680 975 1702 sese
1000 1671 1195 1713 {mperatori

492 1723 619 1766 qratias
639 1723 789 1756 retulisse
813 1724 860 1756 ai!
872 1751 878 1764 ‚
907 1723 1115 1767 eiusdemque
1132 1735 1193 1768 pro

493 1776 650 1810 Anatolio
661 1777 786 1809 litteras
795 1776 853 1810 (len
861 1787 898 1809 uo
908 1776 970 1810 sihi
981 1777 1095 1809 missas
1107 1787 1193 1810 com—

495 1834 662 1863 memorat.

449 1929 506 1956 Leo
520 1929 604 1957 urhis
621 1929 727 1957 Romae
745 1929 903 1964 episcopus
913 1929 1032 1957 Iuliano
1043 1929 1191 1963 episcopo.

493 2020 564 2053 Ciu».
590 2020 611 2052 1.
636 2019 897 2053 Christianissimi
918 2019 1076 2063 Principis
1096 2019 1193 2053 fidem

448 2083 543 2116 saepe
575 2072 820 2106 evidentissimis
845 2073 1054 2117 probavimus
1087 2073 1190 2106 docu-

448 2126 580 2167 mentis;
605 2137 642 2159 ac
663 2127 727 2160 Deo
748 2132 859 2160 nostro
888 2126 1006 2169 gratias
1038 2137 1109 2170 ago,
1138 2126 1192 2170 qui

312 2077 433 2100 Marcianus

249 2105 318 2131 qualis
328 2106 433 2132 princeps.

485 2253 495 2278 1
514 2251 633 2278 Cacciar.
657 2251 674 2278 l.
693 2259 717 2278 c.
738 2258 805 2278 ne...
827 2250 1044 2286 imprudentiae
1068 2251 1189 2286 defectu.

447 2295 507 2323 Mel.
524 2296 606 2323 videt.
623 2304 650 2322 n.
668 2295 758 2323 lectio.

482 2346 498 2373 2
514 2345 552 2372 Ex
567 2345 631 2372 edit.
649 2344 776 2373 Ballerin.
808 2345 879 2381 Opp.
902 2346 932 2373 S.
958 2346 1061 2373 Leonis
1088 2349 1151 2373 tom.
1172 2352 1190 2381 1,

447 2391 499 2418 col.
514 2390 592 2418 1246.
1124 2416 1127 2418 .

481 2438 497 2465 3
518 2437 637 2465 Cacciar.
656 2438 724 2473 Opp.
742 2438 772 2466 S.
799 2439 900 2466 Leonis
923 2442 993 2474 part.
1010 2444 1038 2474 n,
1054 2446 1114 2474 pag.
1139 2437 1192 2466 380

447 2491 509 2510 cum
530 2482 600 2518 plur.
630 2490 694 2509 mss.
722 2486 749 2509 et
772 2482 836 2509 edit.
863 2491 992 2511 summae
1020 2483 1190 2518 viyilantt'ae

445 2528 551 2555 studio.

481 2573 498 2599 4
517 2571 635 2599 Caeciar.
656 2572 674 2600 l.
696 2580 720 2599 c.
744 2579 805 2599 cum
830 2579 892 2599 mss.
917 2571 974 2599 Vat.
998 2575 1025 2600 et
1046 2576 1099 2600 vet.
1121 2572 1185 2600 edit.

445 2615 616 2645 auctoritas.
640 2616 720 2644 Recte
735 2615 845 2652 quidem
860 2625 888 2644 n.
904 2616 995 2645 lectio.

989 204 1144 228 ArPEme
1165 204 1307 228 notum]
1327 203 1444 228 nomm

1236 252 1330 286 talem
1354 252 1501 295 dignatus
1520 258 1565 285 est
1586 251 1682 285 rebus
1696 251 1843 285 humanis
1861 263 1974 285 concc-

1234 305 1309 339 dere
1338 315 1396 350 pro
1428 315 1485 338 sua
1518 305 1635 349 pietate
1655 310 1836 345 rectorem,
1864 305 1918 349 qui
1944 311 1975 339 et

1234 358 1308 392 fidei
1334 369 1444 392 causas
1470 364 1499 391 et
1526 358 1723 402 reipublicae
1749 368 1875 391 summa
1897 359 1974 402 rigi-

1233 412 1354 446 lantia³
1384 418 1539 453 tueretur,
1578 411 1818 445 haereticorum
1843 412 1974 446 ausibus

1232 476 1360 509 semper
1372 465 1540 506 obsistens,
1558 471 1589 498 et
1601 465 1682 498 nihil
1700 475 1812 498 eorum
1832 466 1975 500 insaniae

1232 519 1401 552 adversum
1415 519 1607 552 catholicam
1620 519 1717 552 sidem
1733 518 1830 552 licere
1844 520 1974 563 permit-

1233 576 1310 605 tens:
1333 572 1424 605 cuius
1445 572 1629 615 postDeum
1648 571 1813 605 beneficiis
1833 572 1894 606 hoc
1918 573 1973 606 de-

1232 624 1336 666 betur,
1353 625 1440 669 quod
1454 630 1484 658 et
1503 625 1785 669 lerosolymitanus
1804 625 1974 670 episcopus

1232 685 1279 712 est
1299 684 1458 722 receptus,
1473 684 1503 711 et
1524 678 1711 719 monachos,
1736 688 1817 722 quos
1837 679 1975 722 perfidia

1232 733 1412 766 haereticae
1432 732 1577 766 salsitatis
1598 732 1769 773 invaserat,
1793 732 1832 765 ad
1857 732 1975 766 sanita·

1232 791 1296 820 tem
1317 791 1451 829 augusta
1483 786 1691 819 auctoritate⁴
1711 785 1881 819 revocavit.
1905 785 1974 819 Mox

1230 840 1338 884 itaque
1359 846 1394 874 ut
1410 840 1520 884 accepi
1541 839 1692 884 epistolas
1714 844 1782 872 tuas
1803 838 1879 872 talia
1899 848 1975 872 con-

1231 894 1379 934 tinentes,
1395 903 1461 926 non
1475 893 1579 927 solum
1594 892 1706 926 eadem
1722 892 1784 934 die,
1800 893 1856 926 sed
1873 903 1975 937 prope

1230 948 1342 981 eadem
1355 948 1434 981 hora
1448 957 1638 991 responsum
1648 947 1784 980 reddere
1801 947 1971 989 maturavi,

1229 1007 1265 1035 ut
1284 1001 1401 1035 certior
1422 1002 1461 1035 de
1481 1000 1643 1041 omnibus,
1667 1011 1749 1044 quae
1784 999 1970 1044 scripseras,

1229 1055 1421 1088 reddereris.
1445 1055 1590 1088 Fratrem
1627 1054 1807 1088 Proterium
1839 1054 1974 1088 Alexan-

1230 1109 1342 1142 drinae
1361 1108 1452 1142 urbis
1477 1108 1664 1152 episcopum
1686 1107 1831 1150 gratulor
1861 1108 1973 1151 plenas

1229 1161 1456 1196 satisfactionis
1476 1161 1515 1195 de
1536 1161 1599 1194 fide
1621 1171 1679 1195 sua
1699 1161 1739 1194 ad
1758 1171 1817 1194 nos
1850 1161 1973 1195 litteras

1230 1214 1395 1256 direxisse,
1420 1220 1451 1248 et
1482 1214 1682 1248 manifestius
1693 1215 1714 1255 ⁵,
1739 1213 1816 1258 quid
1852 1219 1969 1251 teneat.

1229 1267 1402 1308 indicasse;
1417 1267 1469 1301 cui
1487 1278 1538 1301 me
1552 1267 1681 1309 dignam
1693 1266 1829 1309 gratiam
1842 1277 1973 1301 necesse

1230 1327 1277 1355 est
1292 1332 1353 1365 pro
1373 1321 1449 1355 fidei
1466 1321 1567 1365 ipsius
1587 1321 1771 1355 sinceritate
1795 1326 1971 1366 praestare,

1229 1380 1263 1408 ut
1282 1375 1440 1409 honorem
1462 1375 1494 1408 in
1514 1376 1603 1409 nullo
1627 1385 1704 1409 suae
1723 1375 1837 1419 perdat
1856 1375 1968 1408 Eccle-

1228 1428 1306 1470 siae,
1330 1429 1387 1463 sed
1406 1429 1491 1463 sedis
1519 1440 1596 1463 suae
1624 1429 1790 1473 privilegia
1816 1434 1971 1472 paternae

1228 1482 1426 1527 antiquitatis
1452 1483 1598 1527 exemplo
1624 1482 1709 1516 iuxta
1729 1492 1890 1516 canonum
1908 1481 1970 1515 illi-

1228 1536 1302 1569 bata
1322 1536 1414 1570 iura⁶
1434 1537 1606 1581 possideat.

1271 1590 1342 1623 cip,
1357 1589 1393 1624 ll.
1407 1591 1450 1624 De
1459 1590 1636 1634 praesentis
1648 1590 1721 1623 anm
1732 1590 1869 1623 Pascha⁷
1881 1590 1971 1624 nulla

1228 1643 1385 1677 dubitatio
1407 1654 1475 1678 esse
1489 1643 1582 1677 nobis
1598 1643 1713 1688 potuit,
1726 1643 1782 1677 sed
1803 1644 1842 1677 de
1862 1643 1970 1677 futuro

1227 1698 1455 1741 quaesivimus,
1469 1698 1556 1742 quod
1574 1697 1771 1742 Theophilus
1784 1697 1971 1731 Alexandri-

1227 1762 1287 1785 nae
1307 1752 1396 1785 urbis
1421 1752 1590 1796 episcopus
1610 1752 1741 1784 octavo⁸
1757 1751 1969 1784 kalendarum

1228 1805 1387 1839 maiarum
1402 1805 1466 1838 <liei
1478 1806 1499 1846 ⁰,
1517 1806 1605 1849 quod
1623 1815 1793 1848 nunquam
1807 1804 1849 1837 ita
1861 1815 1878 1837 a
1891 1809 1970 1837 tem-

1227 1869 1305 1903 pore
1318 1859 1500 1893 dominicae
1514 1858 1760 1892 resurrectionis
1773 1858 1968 1891 celebratum

1228 1918 1285 1951 est,
1318 1912 1456 1946 credidit
1478 1912 1741 1946 adscribendum.
1765 1911 1857 1945 Unde
1875 1911 1968 1945 solli-

1228 1964 1321 1998 citius
1343 1965 1492 2007 congruit
1512 1965 1574 1999 hoc
1592 1961 1728 2009 requiri,
1744 1970 1779 1998 ut
1798 1964 1903 1999 omnis
1916 1975 1970 1999 oc-

1228 2018 1313 2051 casio
1334 2019 1466 2052 tollatur
1486 2019 1615 2052 erroris.
1630 2018 1709 2052 Nam
1730 2018 1762 2051 in
1782 2018 1898 2052 nostris
1914 2029 1971 2052 an-

1227 2072 1355 2105 nalibus
1367 2072 1499 2116 quintus
1513 2072 1658 2106 decimus
1671 2072 1881 2106 kalendarum
1903 2082 1970 2106 ma-

1228 2125 1331 2159 iarum
1369 2125 1436 2159 dies
1458 2125 1481 2142 ¹⁰
1508 2126 1710 2170 apertissime
1730 2124 1748 2142 ¹¹
1782 2136 1799 2159 a
1823 2125 1969 2170 patribus

1260 2250 1276 2278 5
1296 2261 1307 2275 ιι
1328 2251 1367 2277 ΑΙ.
1393 2251 1546 2286 manifeste
1570 2260 1597 2277 ι.
1619 2250 1745 2278 Ballerin.
1772 2249 1824 2278 col.
1849 2250 1916 2278 1247
1941 2254 1969 2278 et

1225 2291 1343 2318 Cacciar.
1366 2291 1384 2318 l.
1402 2299 1426 2318 c.

1260 2333 1276 2359 6
1292 2331 1416 2360 Ballerin.
1432 2333 1449 2360 l.
1471 2341 1494 2359 c.
1511 2332 1621 2359 mallent
1640 2332 1783 2368 legendum
1796 2332 1967 2368 privilegia.

1260 2373 1274 2400 7
1292 2382 1304 2398 «
1322 2372 1444 2409 Intellige
1459 2381 1502 2400 an.
1522 2372 1575 2400 454
1589 2383 1616 2399 ».
1637 2372 1762 2400 Ballerin.
1779 2372 1798 2399 Ι.
1816 2381 1839 2399 c.

1259 2413 1276 2439 8
1299 2424 1310 2438 «
1326 2414 1368 2441 Al.
1385 2421 1459 2441 nono
1478 2423 1500 2440 ι).
1518 2413 1648 2440 Ballerin.
1665 2416 1692 2440 et
1711 2413 1828 2440 Caeciar.
1846 2412 1873 2439 ll.
1890 2421 1930 2440 cc.

1259 2453 1276 2479 9
1295 2453 1413 2480 Cacciar.
1431 2453 1448 2480 l.
1470 2461 1494 2481 c.
1511 2461 1571 2480 cum
1591 2452 1625 2480 al.
1642 2452 1694 2481 die.
1713 2452 1792 2480 Forte
1813 2453 1910 2481 mendo
1926 2456 1967 2489 ty-

1223 2494 1396 2529 pegi-ziphien.

1260 2533 1293 2562 10
1308 2534 1427 2562 Caeciar.
1441 2534 1486 2562 l.c.
1500 2541 1560 2562 cum
1572 2537 1623 2562 vet.
1634 2533 1697 2562 edit.
1708 2533 1810 2570 quinto
1822 2534 1964 2563 decimo...

1221 2574 1278 2602 die.

1259 2615 1287 2642 11
1306 2614 1425 2643 Cacciar.
1447 2614 1465 2643 l.
1486 2622 1510 2643 c.
1531 2613 1689 2650 aptissime.
1712 2614 1791 2644 Forte
1810 2621 1963 2652 perperam.

2015 639 2106 665 Egregia
2127 645 2172 661 eius

1988 666 2089 688 facinora.

2014 1120 2104 1142 Protei-n
2119 1120 2172 1142 into·

1987 1149 2070 1169 morata
2084 1147 2144 1169 fidos.

2024 1332 2075 1354 ldeo
2089 1333 2170 1359 dignus,

1987 1359 2022 1380 cui
2036 1360 2114 1381 Leonis
2123 1365 2171 1386 gra-

1986 1386 2016 1407 tia
2031 1386 2152 1414 opituletur.

1986 1626 1989 1630 Ι
2018 1599 2099 1621 Iuliano
2113 1599 2170 1626 apud
2190 1615 2191 1618 η

1985 1627 2170 1683 ἓᾞέἓῇἓῖῗέἓῖἓᾶἳ

1984 1681 2074 1701 stantius
2105 1686 2170 1707 agen·
2197 1695 2199 1697 -

1985 1706 2039 1728 dum.
