<?xml version="1.0" encoding="UTF-8"?>
<!DOCTYPE html PUBLIC "-//W3C//DTD XHTML 1.0 Transitional//EN"
    "http://www.w3.org/TR/xhtml1/DTD/xhtml1-transitional.dtd">
<html xmlns="http://www.w3.org/1999/xhtml" xml:lang="en" lang="en">
 <head>
  <title>
</title>
<meta http-equiv="Content-Type" content="text/html;charset=utf-8" />
  <meta name='ocr-system' content='tesseract 3.04.00' />
  <meta name='ocr-capabilities' content='ocr_page ocr_carea ocr_par ocr_line ocrx_word'/>
</head>
<body>
  <div class='ocr_page' id='page_1' title='image "./bullarumdiplomat00cath/bullarumdiplomat00cath_0531.png"; bbox 0 0 2244 3183; ppageno 0'>
   <div class='ocr_carea' id='block_1_1' title="bbox 73 247 243 279">
    <p class='ocr_par' dir='ltr' id='par_1_1' title="bbox 73 247 243 279">
     <span class='ocr_line' id='line_1_1' title="bbox 73 247 243 279; baseline 0 -1"><span class='ocrx_word' id='word_1_1' title='bbox 73 250 124 278; x_wconf 79' lang='lat' dir='ltr'>An.</span> <span class='ocrx_word' id='word_1_2' title='bbox 145 250 173 278; x_wconf 91' lang='lat' dir='ltr'>C.</span> <span class='ocrx_word' id='word_1_3' title='bbox 190 247 243 279; x_wconf 83' lang='lat'>535</span> 
     </span>
    </p>
   </div>
   <div class='ocr_carea' id='block_1_2' title="bbox 70 471 254 524">
    <p class='ocr_par' dir='ltr' id='par_1_2' title="bbox 70 471 254 524">
     <span class='ocr_line' id='line_1_2' title="bbox 88 471 254 496; baseline 0 -4"><span class='ocrx_word' id='word_1_4' title='bbox 88 471 147 496; x_wconf 85' lang='lat' dir='ltr'>Quae</span> <span class='ocrx_word' id='word_1_5' title='bbox 155 471 254 492; x_wconf 79' lang='lat' dir='ltr'>nonlicet</span> 
     </span>
     <span class='ocr_line' id='line_1_3' title="bbox 70 498 191 524; baseline -0.008 -5"><span class='ocrx_word' id='word_1_6' title='bbox 70 498 191 524; x_wconf 73' lang='lat' dir='ltr'>intringere.</span> 
     </span>
    </p>
   </div>
   <div class='ocr_carea' id='block_1_3' title="bbox 70 1379 255 1539">
    <p class='ocr_par' dir='ltr' id='par_1_3' title="bbox 70 1379 255 1539">
     <span class='ocr_line' id='line_1_4' title="bbox 130 1379 255 1403; baseline 0.016 -4"><span class='ocrx_word' id='word_1_7' title='bbox 130 1380 169 1403; x_wconf 76' lang='lat' dir='ltr'>Qui</span> <span class='ocrx_word' id='word_1_8' title='bbox 181 1379 255 1401; x_wconf 85' lang='lat' dir='ltr'>huma-</span> 
     </span>
     <span class='ocr_line' id='line_1_5' title="bbox 71 1407 254 1433; baseline 0 -6"><span class='ocrx_word' id='word_1_9' title='bbox 71 1411 111 1427; x_wconf 80' lang='lat' dir='ltr'>nae</span> <span class='ocrx_word' id='word_1_10' title='bbox 122 1407 201 1432; x_wconf 80' lang='lat' dir='ltr'>gloriae</span> <span class='ocrx_word' id='word_1_11' title='bbox 210 1407 254 1433; x_wconf 69' lang='lat' dir='ltr'>pati</span> 
     </span>
     <span class='ocr_line' id='line_1_6' title="bbox 71 1433 255 1455; baseline 0 -1"><span class='ocrx_word' id='word_1_12' title='bbox 71 1433 148 1454; x_wconf 79' lang='lat' dir='ltr'>damna</span> <span class='ocrx_word' id='word_1_13' title='bbox 185 1434 255 1455; x_wconf 80' lang='lat' dir='ltr'>sorini-</span> 
     </span>
     <span class='ocr_line' id='line_1_7' title="bbox 71 1459 255 1484; baseline 0.005 -4"><span class='ocrx_word' id='word_1_14' title='bbox 71 1459 128 1484; x_wconf 84' lang='lat' dir='ltr'>dant,</span> <span class='ocrx_word' id='word_1_15' title='bbox 152 1466 193 1481; x_wconf 84' lang='lat' dir='ltr'>uon</span> <span class='ocrx_word' id='word_1_16' title='bbox 214 1461 255 1481; x_wconf 78' lang='lat' dir='ltr'>sin·</span> 
     </span>
     <span class='ocr_line' id='line_1_8' title="bbox 71 1492 255 1508; baseline 0.005 -1"><span class='ocrx_word' id='word_1_17' title='bbox 71 1492 133 1507; x_wconf 82' lang='lat' dir='ltr'>ceros</span> <span class='ocrx_word' id='word_1_18' title='bbox 157 1493 204 1508; x_wconf 78' lang='lat' dir='ltr'>esse</span> <span class='ocrx_word' id='word_1_19' title='bbox 232 1494 255 1508; x_wconf 80' lang='lat' dir='ltr'>se</span> 
     </span>
     <span class='ocr_line' id='line_1_9' title="bbox 70 1513 168 1539; baseline -0.01 -5"><span class='ocrx_word' id='word_1_20' title='bbox 70 1513 168 1539; x_wconf 68' lang='lat' dir='ltr'>probant.</span> 
     </span>
    </p>
   </div>
   <div class='ocr_carea' id='block_1_4' title="bbox 876 253 1182 278">
    <p class='ocr_par' dir='ltr' id='par_1_4' title="bbox 876 253 1182 278">
     <span class='ocr_line' id='line_1_10' title="bbox 876 253 1182 278; baseline 0.007 -2"><span class='ocrx_word' id='word_1_21' title='bbox 876 254 901 277; x_wconf 90' lang='lat' dir='ltr'>S.</span> <span class='ocrx_word' id='word_1_22' title='bbox 923 253 1086 278; x_wconf 70' lang='lat' dir='ltr'><strong>AGAPETUS</strong></span> <span class='ocrx_word' id='word_1_23' title='bbox 1106 254 1116 278; x_wconf 83' lang='lat'>1</span> <span class='ocrx_word' id='word_1_24' title='bbox 1138 256 1182 278; x_wconf 79' lang='grc' dir='ltr'><strong>ΡΙ).</strong></span> 
     </span>
    </p>
   </div>
   <div class='ocr_carea' id='block_1_5' title="bbox 267 298 1032 1687">
    <p class='ocr_par' dir='ltr' id='par_1_5' title="bbox 267 298 1032 1687">
     <span class='ocr_line' id='line_1_11' title="bbox 271 298 1031 344; baseline 0.003 -11"><span class='ocrx_word' id='word_1_25' title='bbox 271 298 382 333; x_wconf 88' lang='lat' dir='ltr'>biliter</span> <span class='ocrx_word' id='word_1_26' title='bbox 399 298 574 334; x_wconf 78' lang='lat' dir='ltr'>amisisse¹2</span> <span class='ocrx_word' id='word_1_27' title='bbox 596 310 633 334; x_wconf 86' lang='lat' dir='ltr'>ex</span> <span class='ocrx_word' id='word_1_28' title='bbox 654 299 770 344; x_wconf 89' lang='lat' dir='ltr'>quibus</span> <span class='ocrx_word' id='word_1_29' title='bbox 790 299 892 344; x_wconf 87' lang='lat' dir='ltr'>pietas</span> <span class='ocrx_word' id='word_1_30' title='bbox 910 308 1013 334; x_wconf 66' lang='lat' dir='ltr'>vestra</span> <span class='ocrx_word' id='word_1_31' title='bbox 1030 329 1031 336; x_wconf 69' lang='grc'>,</span> 
     </span>
     <span class='ocr_line' id='line_1_12' title="bbox 269 354 1013 398; baseline 0.001 -11"><span class='ocrx_word' id='word_1_32' title='bbox 269 354 385 388; x_wconf 89' lang='lat' dir='ltr'>melius</span> <span class='ocrx_word' id='word_1_33' title='bbox 405 354 523 398; x_wconf 87' lang='lat' dir='ltr'>poterit</span> <span class='ocrx_word' id='word_1_34' title='bbox 545 354 736 395; x_wconf 83' lang='lat' dir='ltr'>aestimare,</span> <span class='ocrx_word' id='word_1_35' title='bbox 763 354 789 387; x_wconf 86' lang='lat' dir='ltr'>si</span> <span class='ocrx_word' id='word_1_36' title='bbox 820 365 885 398; x_wconf 91' lang='lat' dir='ltr'>quo</span> <span class='ocrx_word' id='word_1_37' title='bbox 916 355 1013 388; x_wconf 88' lang='lat' dir='ltr'>modo</span> 
     </span>
     <span class='ocr_line' id='line_1_13' title="bbox 269 407 1013 453; baseline 0 -11"><span class='ocrx_word' id='word_1_38' title='bbox 269 414 333 442; x_wconf 88' lang='lat' dir='ltr'>tam</span> <span class='ocrx_word' id='word_1_39' title='bbox 351 414 461 453; x_wconf 85' lang='lat' dir='ltr'>aperta</span> <span class='ocrx_word' id='word_1_40' title='bbox 481 414 512 442; x_wconf 86' lang='lat' dir='ltr'>et</span> <span class='ocrx_word' id='word_1_41' title='bbox 528 408 695 453; x_wconf 71' lang='lat' dir='ltr'>synodalia</span> <span class='ocrx_word' id='word_1_42' title='bbox 712 407 802 442; x_wconf 86' lang='lat' dir='ltr'>Sedis</span> <span class='ocrx_word' id='word_1_43' title='bbox 816 409 1013 452; x_wconf 88' lang='lat' dir='ltr'>apostolicae</span> 
     </span>
     <span class='ocr_line' id='line_1_14' title="bbox 268 462 1032 506; baseline -0.001 -10"><span class='ocrx_word' id='word_1_44' title='bbox 268 462 344 496; x_wconf 87' lang='lat' dir='ltr'>licet</span> <span class='ocrx_word' id='word_1_45' title='bbox 360 463 538 506; x_wconf 78' lang='lat' dir='ltr'>infringere</span> <span class='ocrx_word' id='word_1_46' title='bbox 559 462 744 503; x_wconf 81' lang='lat' dir='ltr'>constituta,</span> <span class='ocrx_word' id='word_1_47' title='bbox 765 473 837 495; x_wconf 83' lang='lat' dir='ltr'>cum</span> <span class='ocrx_word' id='word_1_48' title='bbox 856 463 1013 496; x_wconf 84' lang='lat' dir='ltr'>sententia</span> <span class='ocrx_word' id='word_1_49' title='bbox 1031 473 1032 478; x_wconf 58' lang='lat'>¹</span> 
     </span>
     <span class='ocr_line' id='line_1_15' title="bbox 269 516 1015 561; baseline -0.001 -12"><span class='ocrx_word' id='word_1_50' title='bbox 269 517 385 550; x_wconf 83' lang='lat' dir='ltr'>clamet</span> <span class='ocrx_word' id='word_1_51' title='bbox 405 516 542 561; x_wconf 84' lang='lat' dir='ltr'>apostoli</span> <span class='ocrx_word' id='word_1_52' title='bbox 561 527 566 548; x_wconf 94' lang='lat'>:</span> <span class='ocrx_word' id='word_1_53' title='bbox 588 516 626 549; x_wconf 78' lang='lat' dir='ltr'>Sz&#39;</span> <span class='ocrx_word' id='word_1_54' title='bbox 646 520 752 548; x_wconf 38' lang='lat' dir='ltr'>tarmen</span> <span class='ocrx_word' id='word_1_55' title='bbox 766 527 847 560; x_wconf 82' lang='lat' dir='ltr'>qnae</span> <span class='ocrx_word' id='word_1_56' title='bbox 866 516 1015 548; x_wconf 62' lang='lat' dir='ltr'>destruxi·</span> 
     </span>
     <span class='ocr_line' id='line_1_16' title="bbox 269 569 1013 614; baseline -0.003 -10"><span class='ocrx_word' id='word_1_57' title='bbox 269 581 306 603; x_wconf 82' lang='lat' dir='ltr'>ea</span> <span class='ocrx_word' id='word_1_58' title='bbox 330 572 451 604; x_wconf 77' lang='lat' dir='ltr'>iterum</span> <span class='ocrx_word' id='word_1_59' title='bbox 488 569 680 613; x_wconf 77' lang='lat' dir='ltr'>reaedifico,</span> <span class='ocrx_word' id='word_1_60' title='bbox 714 570 1013 614; x_wconf 69' lang='lat' dir='ltr'>praevaricatorem</span> 
     </span>
     <span class='ocr_line' id='line_1_17' title="bbox 268 622 1011 668; baseline -0.003 -11"><span class='ocrx_word' id='word_1_61' title='bbox 268 634 318 657; x_wconf 81' lang='lat' dir='ltr'>me</span> <span class='ocrx_word' id='word_1_62' title='bbox 341 624 409 668; x_wconf 74' lang='lat' dir='ltr'>ipse</span> <span class='ocrx_word' id='word_1_63' title='bbox 425 625 586 657; x_wconf 72' lang='lat' dir='ltr'>constituo</span> <span class='ocrx_word' id='word_1_64' title='bbox 599 622 620 656; x_wconf 69' lang='lat'>².</span> <span class='ocrx_word' id='word_1_65' title='bbox 645 623 681 656; x_wconf 89' lang='lat' dir='ltr'>Et</span> <span class='ocrx_word' id='word_1_66' title='bbox 703 623 776 657; x_wconf 87' lang='lat' dir='ltr'>ideo</span> <span class='ocrx_word' id='word_1_67' title='bbox 789 634 922 657; x_wconf 79' lang='lat' dir='ltr'>securus</span> <span class='ocrx_word' id='word_1_68' title='bbox 939 634 1011 657; x_wconf 86' lang='lat' dir='ltr'>cum</span> 
     </span>
     <span class='ocr_line' id='line_1_18' title="bbox 268 677 1013 722; baseline 0 -12"><span class='ocrx_word' id='word_1_69' title='bbox 268 677 368 721; x_wconf 89' lang='lat' dir='ltr'>ipsius</span> <span class='ocrx_word' id='word_1_70' title='bbox 381 677 519 722; x_wconf 83' lang='lat' dir='ltr'>apostoli</span> <span class='ocrx_word' id='word_1_71' title='bbox 543 687 618 711; x_wconf 79' lang='lat' dir='ltr'>voce</span> <span class='ocrx_word' id='word_1_72' title='bbox 635 677 810 721; x_wconf 89' lang='lat' dir='ltr'>profiteor:</span> <span class='ocrx_word' id='word_1_73' title='bbox 836 677 923 718; x_wconf 78' lang='lat' dir='ltr'>Quia</span> <span class='ocrx_word' id='word_1_74' title='bbox 940 688 1013 710; x_wconf 80' lang='lat' dir='ltr'>con-</span> 
     </span>
     <span class='ocr_line' id='line_1_19' title="bbox 267 731 1014 775; baseline -0.001 -11"><span class='ocrx_word' id='word_1_75' title='bbox 267 731 332 773; x_wconf 83' lang='lat' dir='ltr'>fido</span> <span class='ocrx_word' id='word_1_76' title='bbox 356 732 394 764; x_wconf 79' lang='lat' dir='ltr'>in</span> <span class='ocrx_word' id='word_1_77' title='bbox 413 731 511 772; x_wconf 75' lang='lat' dir='ltr'>vobis,</span> <span class='ocrx_word' id='word_1_78' title='bbox 534 736 563 765; x_wconf 87' lang='lat' dir='ltr'>et</span> <span class='ocrx_word' id='word_1_79' title='bbox 582 732 618 764; x_wconf 73' lang='lat' dir='ltr'>in</span> <span class='ocrx_word' id='word_1_80' title='bbox 639 731 791 772; x_wconf 73' lang='lat' dir='ltr'>Domino,</span> <span class='ocrx_word' id='word_1_81' title='bbox 815 731 901 775; x_wconf 83' lang='lat' dir='ltr'>qnod</span> <span class='ocrx_word' id='word_1_82' title='bbox 925 731 1014 763; x_wconf 68' lang='lat' dir='ltr'>nihil</span> 
     </span>
     <span class='ocr_line' id='line_1_20' title="bbox 268 785 1014 819; baseline -0.001 -1"><span class='ocrx_word' id='word_1_83' title='bbox 268 785 364 818; x_wconf 77' lang='lat' dir='ltr'>aliud</span> <span class='ocrx_word' id='word_1_84' title='bbox 376 785 554 819; x_wconf 43' lang='lat' dir='ltr'>sentiatis?</span> <span class='ocrx_word' id='word_1_85' title='bbox 565 785 690 818; x_wconf 89' lang='lat' dir='ltr'>Etenim</span> <span class='ocrx_word' id='word_1_86' title='bbox 706 785 788 819; x_wconf 86' lang='lat' dir='ltr'>sicut</span> <span class='ocrx_word' id='word_1_87' title='bbox 802 785 886 818; x_wconf 88' lang='lat' dir='ltr'>idem</span> <span class='ocrx_word' id='word_1_88' title='bbox 899 785 1014 818; x_wconf 80' lang='lat' dir='ltr'>doctor</span> 
     </span>
     <span class='ocr_line' id='line_1_21' title="bbox 269 839 1010 884; baseline -0.001 -11"><span class='ocrx_word' id='word_1_89' title='bbox 269 840 419 873; x_wconf 84' lang='lat' dir='ltr'>asseruit:</span> <span class='ocrx_word' id='word_1_90' title='bbox 450 840 562 874; x_wconf 78' lang='lat' dir='ltr'>Certus</span> <span class='ocrx_word' id='word_1_91' title='bbox 596 850 669 872; x_wconf 75' lang='lat' dir='ltr'>sam</span> <span class='ocrx_word' id='word_1_92' title='bbox 700 843 728 872; x_wconf 89' lang='lat' dir='ltr'>et</span> <span class='ocrx_word' id='word_1_93' title='bbox 760 850 813 884; x_wconf 64' lang='lat' dir='ltr'>esso</span> <span class='ocrx_word' id='word_1_94' title='bbox 849 839 887 872; x_wconf 79' lang='lat' dir='ltr'>sle</span> <span class='ocrx_word' id='word_1_95' title='bbox 912 839 1010 879; x_wconf 74' lang='lat' dir='ltr'>vobis,</span> 
     </span>
     <span class='ocr_line' id='line_1_22' title="bbox 268 894 1015 938; baseline -0.001 -11"><span class='ocrx_word' id='word_1_96' title='bbox 268 894 355 938; x_wconf 81' lang='lat' dir='ltr'>quod</span> <span class='ocrx_word' id='word_1_97' title='bbox 371 894 465 938; x_wconf 76' lang='lat' dir='ltr'>pleni</span> <span class='ocrx_word' id='word_1_98' title='bbox 484 895 560 927; x_wconf 80' lang='lat' dir='ltr'>estis</span> <span class='ocrx_word' id='word_1_99' title='bbox 581 894 724 927; x_wconf 78' lang='lat' dir='ltr'>bonitate</span> <span class='ocrx_word' id='word_1_100' title='bbox 737 921 744 935; x_wconf 93' lang='lat'><em>‚</em></span> <span class='ocrx_word' id='word_1_101' title='bbox 779 894 895 937; x_wconf 80' lang='lat' dir='ltr'>repleti</span> <span class='ocrx_word' id='word_1_102' title='bbox 924 894 1015 926; x_wconf 79' lang='lat' dir='ltr'>omni</span> 
     </span>
     <span class='ocr_line' id='line_1_23' title="bbox 268 948 1012 992; baseline -0.003 -11"><span class='ocrx_word' id='word_1_103' title='bbox 268 948 436 985; x_wconf 73' lang='lat' dir='ltr'>scz&#39;entz&#39;a‘,</span> <span class='ocrx_word' id='word_1_104' title='bbox 452 952 488 981; x_wconf 83' lang='lat' dir='ltr'>ut</span> <span class='ocrx_word' id='word_1_105' title='bbox 502 948 636 992; x_wconf 74' lang='lat' dir='ltr'>possitis</span> <span class='ocrx_word' id='word_1_106' title='bbox 650 948 789 980; x_wconf 64' lang='lat' dir='ltr'>invicem</span> <span class='ocrx_word' id='word_1_107' title='bbox 803 948 960 980; x_wconf 80' lang='lat' dir='ltr'>nzonere⁵.</span> <span class='ocrx_word' id='word_1_108' title='bbox 982 948 1012 981; x_wconf 90' lang='lat' dir='ltr'>Si</span> 
     </span>
     <span class='ocr_line' id='line_1_24' title="bbox 269 1001 1012 1046; baseline -0.001 -12"><span class='ocrx_word' id='word_1_109' title='bbox 269 1002 367 1044; x_wconf 80' lang='lat' dir='ltr'>igitur</span> <span class='ocrx_word' id='word_1_110' title='bbox 384 1002 427 1042; x_wconf 90' lang='lat' dir='ltr'>hi,</span> <span class='ocrx_word' id='word_1_111' title='bbox 454 1003 493 1035; x_wconf 89' lang='lat' dir='ltr'>de</span> <span class='ocrx_word' id='word_1_112' title='bbox 514 1002 631 1046; x_wconf 86' lang='lat' dir='ltr'>quibus</span> <span class='ocrx_word' id='word_1_113' title='bbox 652 1001 827 1043; x_wconf 75' lang='lat' dir='ltr'><strong>indicastis,</strong></span> <span class='ocrx_word' id='word_1_114' title='bbox 851 1002 890 1034; x_wconf 89' lang='lat' dir='ltr'>ad</span> <span class='ocrx_word' id='word_1_115' title='bbox 917 1001 1012 1034; x_wconf 86' lang='lat' dir='ltr'>tidem</span> 
     </span>
     <span class='ocr_line' id='line_1_25' title="bbox 269 1055 1013 1098; baseline 0 -10"><span class='ocrx_word' id='word_1_116' title='bbox 269 1061 390 1088; x_wconf 87' lang='lat' dir='ltr'>rectam</span> <span class='ocrx_word' id='word_1_117' title='bbox 409 1055 573 1098; x_wconf 81' lang='lat' dir='ltr'>legitime‘3</span> <span class='ocrx_word' id='word_1_118' title='bbox 586 1055 695 1088; x_wconf 89' lang='lat' dir='ltr'>venire</span> <span class='ocrx_word' id='word_1_119' title='bbox 709 1055 870 1096; x_wconf 84' lang='lat' dir='ltr'>festinant,</span> <span class='ocrx_word' id='word_1_120' title='bbox 886 1061 1013 1088; x_wconf 80' lang='lat' dir='ltr'>nostrae</span> 
     </span>
     <span class='ocr_line' id='line_1_26' title="bbox 269 1107 1032 1152; baseline 0.001 -12"><span class='ocrx_word' id='word_1_121' title='bbox 269 1107 344 1142; x_wconf 85' lang='lat' dir='ltr'>fidei</span> <span class='ocrx_word' id='word_1_122' title='bbox 364 1109 493 1150; x_wconf 79' lang='lat' dir='ltr'>regulas</span> <span class='ocrx_word' id='word_1_123' title='bbox 513 1108 603 1152; x_wconf 90' lang='lat' dir='ltr'>sequi</span> <span class='ocrx_word' id='word_1_124' title='bbox 629 1119 694 1142; x_wconf 90' lang='lat' dir='ltr'>non</span> <span class='ocrx_word' id='word_1_125' title='bbox 716 1109 869 1149; x_wconf 78' lang='lat' dir='ltr'>abnuant,</span> <span class='ocrx_word' id='word_1_126' title='bbox 887 1109 1013 1142; x_wconf 82' lang='lat' dir='ltr'>dicente</span> <span class='ocrx_word' id='word_1_127' title='bbox 1030 1127 1032 1134; x_wconf 92' lang='lat'>·</span> 
     </span>
     <span class='ocr_line' id='line_1_27' title="bbox 269 1163 1010 1207; baseline 0 -11"><span class='ocrx_word' id='word_1_128' title='bbox 269 1163 428 1196; x_wconf 87' lang='lat' dir='ltr'>Domino:</span> <span class='ocrx_word' id='word_1_129' title='bbox 454 1163 492 1197; x_wconf 74' lang='lat' dir='ltr'>Si</span> <span class='ocrx_word' id='word_1_130' title='bbox 515 1164 590 1207; x_wconf 72' lang='lat' dir='ltr'>quis</span> <span class='ocrx_word' id='word_1_131' title='bbox 622 1163 691 1196; x_wconf 74' lang='lat' dir='ltr'>vult</span> <span class='ocrx_word' id='word_1_132' title='bbox 717 1168 789 1207; x_wconf 77' lang='lat' dir='ltr'>post</span> <span class='ocrx_word' id='word_1_133' title='bbox 817 1174 867 1196; x_wconf 79' lang='lat' dir='ltr'>me</span> <span class='ocrx_word' id='word_1_134' title='bbox 890 1164 1010 1203; x_wconf 69' lang='lat' dir='ltr'>venii-e,</span> 
     </span>
     <span class='ocr_line' id='line_1_28' title="bbox 269 1217 1010 1261; baseline 0.001 -12"><span class='ocrx_word' id='word_1_135' title='bbox 269 1217 404 1261; x_wconf 62' lang='lat' dir='ltr'>abneget</span> <span class='ocrx_word' id='word_1_136' title='bbox 429 1218 656 1261; x_wconf 76' lang='lat' dir='ltr'>semetipsum,</span> <span class='ocrx_word' id='word_1_137' title='bbox 685 1223 713 1250; x_wconf 81' lang='lat' dir='ltr'>et</span> <span class='ocrx_word' id='word_1_138' title='bbox 740 1222 898 1261; x_wconf 73' lang='lat' dir='ltr'>sequatur</span> <span class='ocrx_word' id='word_1_139' title='bbox 924 1228 972 1250; x_wconf 84' lang='lat' dir='ltr'>me</span> <span class='ocrx_word' id='word_1_140' title='bbox 991 1217 1010 1250; x_wconf 79' lang='lat'>⁷.</span> 
     </span>
     <span class='ocr_line' id='line_1_29' title="bbox 269 1269 1013 1315; baseline 0.001 -12"><span class='ocrx_word' id='word_1_141' title='bbox 269 1269 361 1309; x_wconf 86' lang='lat' dir='ltr'>Quod</span> <span class='ocrx_word' id='word_1_142' title='bbox 382 1271 406 1304; x_wconf 87' lang='lat' dir='ltr'>si</span> <span class='ocrx_word' id='word_1_143' title='bbox 425 1271 531 1304; x_wconf 81' lang='lat' dir='ltr'>adhue</span> <span class='ocrx_word' id='word_1_144' title='bbox 552 1271 777 1315; x_wconf 63' lang='lat' dir='ltr'>vituperandi-‘³</span> <span class='ocrx_word' id='word_1_145' title='bbox 795 1271 927 1304; x_wconf 89' lang='lat' dir='ltr'>honoris</span> <span class='ocrx_word' id='word_1_146' title='bbox 947 1282 1013 1304; x_wconf 80' lang='lat' dir='ltr'>ani—</span> 
     </span>
     <span class='ocr_line' id='line_1_30' title="bbox 268 1323 1013 1369; baseline 0.001 -12"><span class='ocrx_word' id='word_1_147' title='bbox 268 1323 447 1357; x_wconf 86' lang='lat' dir='ltr'>bitionibus</span> <span class='ocrx_word' id='word_1_148' title='bbox 472 1325 662 1365; x_wconf 71' lang='lat' dir='ltr'>excitantur,</span> <span class='ocrx_word' id='word_1_149' title='bbox 687 1331 715 1357; x_wconf 92' lang='lat' dir='ltr'>et</span> <span class='ocrx_word' id='word_1_150' title='bbox 741 1336 799 1369; x_wconf 88' lang='lat' dir='ltr'>pro</span> <span class='ocrx_word' id='word_1_151' title='bbox 827 1325 917 1358; x_wconf 84' lang='lat' dir='ltr'>luero</span> <span class='ocrx_word' id='word_1_152' title='bbox 942 1337 1013 1359; x_wconf 84' lang='lat' dir='ltr'>san-</span> 
     </span>
     <span class='ocr_line' id='line_1_31' title="bbox 270 1377 1015 1422; baseline 0.001 -12"><span class='ocrx_word' id='word_1_153' title='bbox 270 1383 340 1410; x_wconf 82' lang='lat' dir='ltr'>etae</span> <span class='ocrx_word' id='word_1_154' title='bbox 369 1377 445 1410; x_wconf 86' lang='lat' dir='ltr'>fidei</span> <span class='ocrx_word' id='word_1_155' title='bbox 474 1378 635 1410; x_wconf 78' lang='lat' dir='ltr'>humanae</span> <span class='ocrx_word' id='word_1_156' title='bbox 661 1378 784 1420; x_wconf 75' lang='lat' dir='ltr'>gloriae</span> <span class='ocrx_word' id='word_1_157' title='bbox 809 1378 874 1422; x_wconf 86' lang='lat' dir='ltr'>pati</span> <span class='ocrx_word' id='word_1_158' title='bbox 897 1379 1015 1411; x_wconf 86' lang='lat' dir='ltr'>damna</span> 
     </span>
     <span class='ocr_line' id='line_1_32' title="bbox 271 1431 1015 1476; baseline 0.003 -13"><span class='ocrx_word' id='word_1_159' title='bbox 271 1431 458 1472; x_wconf 85' lang='lat' dir='ltr'>formidant,</span> <span class='ocrx_word' id='word_1_160' title='bbox 475 1431 533 1475; x_wconf 83' lang='lat' dir='ltr'>ipsi</span> <span class='ocrx_word' id='word_1_161' title='bbox 548 1432 777 1476; x_wconf 82' lang='lat' dir='ltr'>pronunciant,</span> <span class='ocrx_word' id='word_1_162' title='bbox 796 1433 935 1465; x_wconf 79' lang='lat' dir='ltr'>necdum</span> <span class='ocrx_word' id='word_1_163' title='bbox 950 1443 983 1466; x_wconf 85' lang='lat' dir='ltr'>se</span> <span class='ocrx_word' id='word_1_164' title='bbox 998 1443 1015 1465; x_wconf 86' lang='lat' dir='ltr'>a</span> 
     </span>
     <span class='ocr_line' id='line_1_33' title="bbox 270 1484 1016 1529; baseline 0.004 -12"><span class='ocrx_word' id='word_1_165' title='bbox 270 1484 355 1518; x_wconf 83' lang='lat' dir='ltr'>vitiis</span> <span class='ocrx_word' id='word_1_166' title='bbox 383 1490 414 1518; x_wconf 88' lang='lat' dir='ltr'>et</span> <span class='ocrx_word' id='word_1_167' title='bbox 435 1495 546 1519; x_wconf 90' lang='lat' dir='ltr'>errore</span> <span class='ocrx_word' id='word_1_168' title='bbox 567 1486 734 1520; x_wconf 79' lang='lat' dir='ltr'>discedere</span> <span class='ocrx_word' id='word_1_169' title='bbox 749 1514 756 1527; x_wconf 84' lang='lat'>,</span> <span class='ocrx_word' id='word_1_170' title='bbox 785 1492 815 1519; x_wconf 90' lang='lat' dir='ltr'>et</span> <span class='ocrx_word' id='word_1_171' title='bbox 834 1497 893 1519; x_wconf 90' lang='lat' dir='ltr'>nos</span> <span class='ocrx_word' id='word_1_172' title='bbox 914 1487 1016 1529; x_wconf 75' lang='lat' dir='ltr'>magis</span> 
     </span>
     <span class='ocr_line' id='line_1_34' title="bbox 270 1539 1015 1584; baseline 0.001 -12"><span class='ocrx_word' id='word_1_173' title='bbox 270 1539 351 1572; x_wconf 89' lang='lat' dir='ltr'>velle</span> <span class='ocrx_word' id='word_1_174' title='bbox 363 1539 429 1573; x_wconf 89' lang='lat' dir='ltr'>suis</span> <span class='ocrx_word' id='word_1_175' title='bbox 447 1539 628 1573; x_wconf 79' lang='lat' dir='ltr'>excessibus</span> <span class='ocrx_word' id='word_1_176' title='bbox 642 1540 821 1584; x_wconf 82' lang='lat' dir='ltr'>implicare.</span> <span class='ocrx_word' id='word_1_177' title='bbox 837 1541 880 1573; x_wconf 89' lang='lat' dir='ltr'>De</span> <span class='ocrx_word' id='word_1_178' title='bbox 899 1540 1015 1574; x_wconf 86' lang='lat' dir='ltr'>talibus</span> 
     </span>
     <span class='ocr_line' id='line_1_35' title="bbox 270 1593 1015 1637; baseline 0.001 -11"><span class='ocrx_word' id='word_1_179' title='bbox 270 1603 346 1636; x_wconf 75' lang='lat' dir='ltr'>crgo</span> <span class='ocrx_word' id='word_1_180' title='bbox 361 1593 439 1626; x_wconf 87' lang='lat' dir='ltr'>dicit</span> <span class='ocrx_word' id='word_1_181' title='bbox 458 1594 646 1637; x_wconf 83' lang='lat' dir='ltr'>Apostolus:</span> <span class='ocrx_word' id='word_1_182' title='bbox 662 1594 886 1627; x_wconf 77' lang='lat' dir='ltr'>Aematantur</span> <span class='ocrx_word' id='word_1_183' title='bbox 905 1599 1015 1628; x_wconf 69' lang='lat' dir='ltr'>(netem</span> 
     </span>
     <span class='ocr_line' id='line_1_36' title="bbox 268 1647 1015 1687; baseline 0.001 -8"><span class='ocrx_word' id='word_1_184' title='bbox 268 1657 322 1679; x_wconf 80' lang='lat' dir='ltr'>vos</span> <span class='ocrx_word' id='word_1_185' title='bbox 341 1656 408 1680; x_wconf 82' lang='lat' dir='ltr'>non</span> <span class='ocrx_word' id='word_1_186' title='bbox 429 1647 506 1680; x_wconf 80' lang='lat' dir='ltr'>bene</span> <span class='ocrx_word' id='word_1_187' title='bbox 520 1675 527 1687; x_wconf 92' lang='lat'>,</span> <span class='ocrx_word' id='word_1_188' title='bbox 555 1647 609 1680; x_wconf 81' lang='lat' dir='ltr'>sed</span> <span class='ocrx_word' id='word_1_189' title='bbox 629 1647 798 1680; x_wconf 73' lang='lat' dir='ltr'>excludere</span> <span class='ocrx_word' id='word_1_190' title='bbox 822 1658 875 1680; x_wconf 70' lang='lat' dir='ltr'>rvos</span> <span class='ocrx_word' id='word_1_191' title='bbox 901 1647 1015 1681; x_wconf 79' lang='lat' dir='ltr'>volant</span> 
     </span>
    </p>
   </div>
   <div class='ocr_carea' id='block_1_6' title="bbox 1030 310 1034 1733">
    <p class='ocr_par' dir='ltr' id='par_1_6' title="bbox 1030 310 1034 1733">
     <span class='ocr_line' id='line_1_37' title="bbox 1030 310 1034 1733; baseline 0 0"><span class='ocrx_word' id='word_1_192' title='bbox 1030 310 1034 1733; x_wconf 95' lang='lat' dir='ltr'> </span> 
     </span>
    </p>
   </div>
   <div class='ocr_carea' id='block_1_7' title="bbox 269 1700 1015 1743">
    <p class='ocr_par' dir='ltr' id='par_1_7' title="bbox 269 1700 1015 1743">
     <span class='ocr_line' id='line_1_38' title="bbox 269 1700 1015 1743; baseline 0.003 -10"><span class='ocrx_word' id='word_1_193' title='bbox 269 1704 306 1733; x_wconf 83' lang='lat' dir='ltr'>ut</span> <span class='ocrx_word' id='word_1_194' title='bbox 325 1711 376 1734; x_wconf 83' lang='lat' dir='ltr'>eos</span> <span class='ocrx_word' id='word_1_195' title='bbox 392 1700 609 1734; x_wconf 76' lang='lat' dir='ltr'>aemulemini</span> <span class='ocrx_word' id='word_1_196' title='bbox 621 1702 641 1734; x_wconf 71' lang='lat'>⁰.</span> <span class='ocrx_word' id='word_1_197' title='bbox 670 1701 756 1741; x_wconf 83' lang='lat' dir='ltr'>Quae</span> <span class='ocrx_word' id='word_1_198' title='bbox 775 1712 848 1735; x_wconf 84' lang='lat' dir='ltr'>curn</span> <span class='ocrx_word' id='word_1_199' title='bbox 870 1701 913 1735; x_wconf 84' lang='lat' dir='ltr'>ita</span> <span class='ocrx_word' id='word_1_200' title='bbox 933 1701 1015 1743; x_wconf 88' lang='lat' dir='ltr'>sint,</span> 
     </span>
    </p>
   </div>
   <div class='ocr_carea' id='block_1_8' title="bbox 267 1862 1015 2661">
    <p class='ocr_par' dir='ltr' id='par_1_8' title="bbox 270 1862 1011 1934">
     <span class='ocr_line' id='line_1_39' title="bbox 270 1862 1011 1898; baseline 0 -9"><span class='ocrx_word' id='word_1_201' title='bbox 270 1862 352 1898; x_wconf 88' lang='lat' dir='ltr'>idque</span> <span class='ocrx_word' id='word_1_202' title='bbox 377 1862 473 1890; x_wconf 84' lang='lat' dir='ltr'>melius</span> <span class='ocrx_word' id='word_1_203' title='bbox 497 1862 613 1897; x_wconf 78' lang='lat' dir='ltr'>videtur,</span> <span class='ocrx_word' id='word_1_204' title='bbox 640 1862 704 1889; x_wconf 81' lang='lat' dir='ltr'>licet</span> <span class='ocrx_word' id='word_1_205' title='bbox 726 1870 771 1889; x_wconf 90' lang='lat' dir='ltr'>nn.</span> <span class='ocrx_word' id='word_1_206' title='bbox 799 1862 877 1890; x_wconf 87' lang='lat' dir='ltr'>codd.</span> <span class='ocrx_word' id='word_1_207' title='bbox 900 1862 963 1890; x_wconf 88' lang='lat' dir='ltr'>lect.</span> <span class='ocrx_word' id='word_1_208' title='bbox 985 1871 1011 1889; x_wconf 92' lang='lat' dir='ltr'>n.</span> 
     </span>
     <span class='ocr_line' id='line_1_40' title="bbox 271 1906 446 1934; baseline 0 0"><span class='ocrx_word' id='word_1_209' title='bbox 271 1906 446 1934; x_wconf 80' lang='lat' dir='ltr'>adhaereant.</span> 
     </span>
    </p>

    <p class='ocr_par' dir='ltr' id='par_1_9' title="bbox 269 1953 1015 2294">
     <span class='ocr_line' id='line_1_41' title="bbox 304 1953 1015 1988; baseline 0.003 -9"><span class='ocrx_word' id='word_1_210' title='bbox 304 1953 318 1979; x_wconf 78' lang='lat'><strong>1</strong></span> <span class='ocrx_word' id='word_1_211' title='bbox 336 1953 413 1981; x_wconf 86' lang='lat' dir='ltr'>Cont.</span> <span class='ocrx_word' id='word_1_212' title='bbox 429 1953 519 1980; x_wconf 83' lang='lat' dir='ltr'>Const.</span> <span class='ocrx_word' id='word_1_213' title='bbox 537 1961 601 1980; x_wconf 82' lang='lat' dir='ltr'>mss.</span> <span class='ocrx_word' id='word_1_214' title='bbox 615 1961 675 1980; x_wconf 92' lang='lat' dir='ltr'>cum</span> <span class='ocrx_word' id='word_1_215' title='bbox 690 1961 716 1980; x_wconf 92' lang='lat' dir='ltr'>n.</span> <span class='ocrx_word' id='word_1_216' title='bbox 730 1953 789 1980; x_wconf 91' lang='lat' dir='ltr'>cod.</span> <span class='ocrx_word' id='word_1_217' title='bbox 801 1954 867 1980; x_wconf 78' lang='lat'>4961</span> <span class='ocrx_word' id='word_1_218' title='bbox 884 1954 1015 1988; x_wconf 78' lang='lat' dir='ltr'>culpabi-</span> 
     </span>
     <span class='ocr_line' id='line_1_42' title="bbox 271 1998 1011 2033; baseline 0.001 -9"><span class='ocrx_word' id='word_1_219' title='bbox 271 1998 340 2026; x_wconf 81' lang='lat' dir='ltr'>liter</span> <span class='ocrx_word' id='word_1_220' title='bbox 350 1999 517 2033; x_wconf 78' lang='lat' dir='ltr'>acquisisse,·</span> <span class='ocrx_word' id='word_1_221' title='bbox 533 1998 580 2025; x_wconf 87' lang='lat' dir='ltr'>sed</span> <span class='ocrx_word' id='word_1_222' title='bbox 591 1998 651 2025; x_wconf 88' lang='lat' dir='ltr'>cod.</span> <span class='ocrx_word' id='word_1_223' title='bbox 664 1998 709 2025; x_wconf 88' lang='lat' dir='ltr'>cit.</span> <span class='ocrx_word' id='word_1_224' title='bbox 722 1999 791 2025; x_wconf 79' lang='lat'>5617</span> <span class='ocrx_word' id='word_1_225' title='bbox 804 2002 830 2025; x_wconf 90' lang='lat' dir='ltr'>et</span> <span class='ocrx_word' id='word_1_226' title='bbox 844 2006 937 2025; x_wconf 89' lang='lat' dir='ltr'>omnes</span> <span class='ocrx_word' id='word_1_227' title='bbox 947 1998 1011 2025; x_wconf 89' lang='lat' dir='ltr'>edit.</span> 
     </span>
     <span class='ocr_line' id='line_1_43' title="bbox 270 2042 1013 2079; baseline 0.001 -9"><span class='ocrx_word' id='word_1_228' title='bbox 270 2042 411 2070; x_wconf 81' lang='lat' dir='ltr'>nobiscum</span> <span class='ocrx_word' id='word_1_229' title='bbox 427 2043 496 2079; x_wconf 85' lang='lat' dir='ltr'>legg.</span> <span class='ocrx_word' id='word_1_230' title='bbox 511 2059 544 2063; x_wconf 90' lang='lat'>—-</span> <span class='ocrx_word' id='word_1_231' title='bbox 557 2052 569 2069; x_wconf 83' lang='lat'>«</span> <span class='ocrx_word' id='word_1_232' title='bbox 585 2043 622 2070; x_wconf 80' lang='lat' dir='ltr'>Ex</span> <span class='ocrx_word' id='word_1_233' title='bbox 647 2043 688 2070; x_wconf 90' lang='lat' dir='ltr'>his</span> <span class='ocrx_word' id='word_1_234' title='bbox 713 2047 802 2070; x_wconf 83' lang='lat' dir='ltr'>autem</span> <span class='ocrx_word' id='word_1_235' title='bbox 827 2043 921 2079; x_wconf 78' lang='lat' dir='ltr'>liquet,</span> <span class='ocrx_word' id='word_1_236' title='bbox 943 2043 1013 2079; x_wconf 88' lang='lat' dir='ltr'>quod</span> 
     </span>
     <span class='ocr_line' id='line_1_44' title="bbox 269 2087 1013 2124; baseline 0.001 -10"><span class='ocrx_word' id='word_1_237' title='bbox 269 2087 395 2123; x_wconf 64' lang='lat' dir='ltr'>Agapet„</span> <span class='ocrx_word' id='word_1_238' title='bbox 411 2096 571 2124; x_wconf 86' lang='lat' dir='ltr'>persuasum</span> <span class='ocrx_word' id='word_1_239' title='bbox 589 2087 694 2115; x_wconf 87' lang='lat' dir='ltr'>hahens</span> <span class='ocrx_word' id='word_1_240' title='bbox 709 2088 743 2115; x_wconf 86' lang='lat' dir='ltr'>ab</span> <span class='ocrx_word' id='word_1_241' title='bbox 759 2087 905 2115; x_wconf 79' lang='lat' dir='ltr'>haereticis</span> <span class='ocrx_word' id='word_1_242' title='bbox 921 2097 1013 2116; x_wconf 83' lang='lat' dir='ltr'>veram</span> 
     </span>
     <span class='ocr_line' id='line_1_45' title="bbox 269 2131 1012 2168; baseline 0.001 -10"><span class='ocrx_word' id='word_1_243' title='bbox 269 2131 467 2159; x_wconf 78' lang='lat' dir='ltr'>ordinationem</span> <span class='ocrx_word' id='word_1_244' title='bbox 492 2132 625 2165; x_wconf 77' lang='lat' dir='ltr'>conferri,</span> <span class='ocrx_word' id='word_1_245' title='bbox 643 2132 712 2159; x_wconf 87' lang='lat' dir='ltr'>hanc</span> <span class='ocrx_word' id='word_1_246' title='bbox 731 2136 834 2159; x_wconf 80' lang='lat' dir='ltr'>tantuin</span> <span class='ocrx_word' id='word_1_247' title='bbox 850 2136 931 2168; x_wconf 81' lang='lat' dir='ltr'>negat</span> <span class='ocrx_word' id='word_1_248' title='bbox 945 2132 1012 2168; x_wconf 84' lang='lat' dir='ltr'>legi-</span> 
     </span>
     <span class='ocr_line' id='line_1_46' title="bbox 270 2176 1014 2213; baseline 0 -10"><span class='ocrx_word' id='word_1_249' title='bbox 270 2176 372 2211; x_wconf 81' lang='lat' dir='ltr'>timam,</span> <span class='ocrx_word' id='word_1_250' title='bbox 393 2180 430 2211; x_wconf 81' lang='lat' dir='ltr'>et,</span> <span class='ocrx_word' id='word_1_251' title='bbox 448 2177 519 2213; x_wconf 88' lang='lat' dir='ltr'>quod</span> <span class='ocrx_word' id='word_1_252' title='bbox 540 2177 573 2204; x_wconf 88' lang='lat' dir='ltr'>ab</span> <span class='ocrx_word' id='word_1_253' title='bbox 592 2177 646 2204; x_wconf 87' lang='lat' dir='ltr'>illis</span> <span class='ocrx_word' id='word_1_254' title='bbox 665 2177 826 2213; x_wconf 74' lang='lat' dir='ltr'>acquiritur,</span> <span class='ocrx_word' id='word_1_255' title='bbox 842 2177 1014 2213; x_wconf 79' lang='lat' dir='ltr'>culpabiliter</span> 
     </span>
     <span class='ocr_line' id='line_1_47' title="bbox 270 2221 1010 2257; baseline 0.001 -10"><span class='ocrx_word' id='word_1_256' title='bbox 270 2221 384 2256; x_wconf 84' lang='lat' dir='ltr'>acquiri,</span> <span class='ocrx_word' id='word_1_257' title='bbox 401 2221 516 2257; x_wconf 86' lang='lat' dir='ltr'>ideoque</span> <span class='ocrx_word' id='word_1_258' title='bbox 527 2221 584 2249; x_wconf 90' lang='lat' dir='ltr'>eius</span> <span class='ocrx_word' id='word_1_259' title='bbox 596 2221 725 2250; x_wconf 87' lang='lat' dir='ltr'>honorem</span> <span class='ocrx_word' id='word_1_260' title='bbox 737 2221 795 2249; x_wconf 89' lang='lat' dir='ltr'>iure</span> <span class='ocrx_word' id='word_1_261' title='bbox 807 2221 886 2249; x_wconf 87' lang='lat' dir='ltr'>adimi</span> <span class='ocrx_word' id='word_1_262' title='bbox 899 2221 1010 2249; x_wconf 79' lang='lat' dir='ltr'>docet».</span> 
     </span>
     <span class='ocr_line' id='line_1_48' title="bbox 271 2265 794 2294; baseline 0.002 -2"><span class='ocrx_word' id='word_1_263' title='bbox 271 2265 310 2292; x_wconf 88' lang='lat' dir='ltr'>ld.</span> <span class='ocrx_word' id='word_1_264' title='bbox 327 2265 402 2294; x_wconf 85' lang='lat' dir='ltr'>Cont.</span> <span class='ocrx_word' id='word_1_265' title='bbox 421 2266 511 2293; x_wconf 82' lang='lat' dir='ltr'>const.</span> <span class='ocrx_word' id='word_1_266' title='bbox 528 2274 594 2294; x_wconf 86' lang='lat' dir='ltr'>suae</span> <span class='ocrx_word' id='word_1_267' title='bbox 609 2266 672 2293; x_wconf 88' lang='lat' dir='ltr'>lect.</span> <span class='ocrx_word' id='word_1_268' title='bbox 689 2266 794 2294; x_wconf 86' lang='lat' dir='ltr'>inhaer.</span> 
     </span>
    </p>

    <p class='ocr_par' dir='ltr' id='par_1_10' title="bbox 269 2309 1013 2429">
     <span class='ocr_line' id='line_1_49' title="bbox 305 2309 1013 2346; baseline 0.003 -10"><span class='ocrx_word' id='word_1_269' title='bbox 305 2309 321 2336; x_wconf 69' lang='lat'><strong>2</strong></span> <span class='ocrx_word' id='word_1_270' title='bbox 337 2310 423 2338; x_wconf 89' lang='lat' dir='ltr'>Galat.</span> <span class='ocrx_word' id='word_1_271' title='bbox 447 2318 478 2345; x_wconf 87' lang='lat'>11,</span> <span class='ocrx_word' id='word_1_272' title='bbox 496 2311 539 2344; x_wconf 76' lang='lat'>18,</span> <span class='ocrx_word' id='word_1_273' title='bbox 557 2311 602 2338; x_wconf 88' lang='lat' dir='ltr'>ubi</span> <span class='ocrx_word' id='word_1_274' title='bbox 618 2311 681 2346; x_wconf 52' lang='lat' dir='ltr'>lega</span> <span class='ocrx_word' id='word_1_275' title='bbox 698 2311 729 2339; x_wconf 85' lang='lat' dir='ltr'>Si</span> <span class='ocrx_word' id='word_1_276' title='bbox 753 2312 842 2345; x_wconf 76' lang='lat' dir='ltr'>enim,</span> <span class='ocrx_word' id='word_1_277' title='bbox 869 2319 943 2346; x_wconf 76' lang='lat' dir='ltr'>quae</span> <span class='ocrx_word' id='word_1_278' title='bbox 963 2312 1013 2338; x_wconf 82' lang='lat' dir='ltr'>de-</span> 
     </span>
     <span class='ocr_line' id='line_1_50' title="bbox 269 2355 1013 2391; baseline 0.003 -10"><span class='ocrx_word' id='word_1_279' title='bbox 269 2356 376 2389; x_wconf 75' lang='lat' dir='ltr'>struxi,</span> <span class='ocrx_word' id='word_1_280' title='bbox 401 2355 508 2384; x_wconf 81' lang='lat' dir='ltr'>iterum</span> <span class='ocrx_word' id='word_1_281' title='bbox 528 2356 596 2383; x_wconf 83' lang='lat' dir='ltr'>haec</span> <span class='ocrx_word' id='word_1_282' title='bbox 610 2356 720 2391; x_wconf 78' lang='lat' dir='ltr'>edifica,</span> <span class='ocrx_word' id='word_1_283' title='bbox 742 2357 1013 2391; x_wconf 80' lang='lat' dir='ltr'>praevaricatorem</span> 
     </span>
     <span class='ocr_line' id='line_1_51' title="bbox 269 2401 481 2429; baseline 0 -1"><span class='ocrx_word' id='word_1_284' title='bbox 269 2409 314 2428; x_wconf 85' lang='lat' dir='ltr'>me</span> <span class='ocrx_word' id='word_1_285' title='bbox 328 2401 481 2429; x_wconf 78' lang='lat' dir='ltr'>constituo.</span> 
     </span>
    </p>

    <p class='ocr_par' dir='ltr' id='par_1_11' title="bbox 270 2445 1011 2526">
     <span class='ocr_line' id='line_1_52' title="bbox 304 2445 1011 2481; baseline 0 -8"><span class='ocrx_word' id='word_1_286' title='bbox 304 2446 320 2473; x_wconf 89' lang='grc'><strong><em>3</em></strong></span> <span class='ocrx_word' id='word_1_287' title='bbox 336 2445 375 2472; x_wconf 87' lang='lat' dir='ltr'>lb.</span> <span class='ocrx_word' id='word_1_288' title='bbox 393 2452 419 2479; x_wconf 83' lang='lat' dir='ltr'>V,</span> <span class='ocrx_word' id='word_1_289' title='bbox 437 2446 479 2481; x_wconf 82' lang='lat'>10,</span> <span class='ocrx_word' id='word_1_290' title='bbox 496 2446 542 2473; x_wconf 91' lang='lat' dir='ltr'>ubi</span> <span class='ocrx_word' id='word_1_291' title='bbox 557 2445 608 2473; x_wconf 87' lang='lat' dir='ltr'>ait:</span> <span class='ocrx_word' id='word_1_292' title='bbox 630 2446 690 2481; x_wconf 72' lang='lat' dir='ltr'>qu</span> <span class='ocrx_word' id='word_1_293' title='bbox 715 2446 824 2480; x_wconf 81' lang='lat' dir='ltr'>confido</span> <span class='ocrx_word' id='word_1_294' title='bbox 839 2447 871 2474; x_wconf 77' lang='lat' dir='ltr'>in</span> <span class='ocrx_word' id='word_1_295' title='bbox 890 2447 966 2474; x_wconf 79' lang='lat' dir='ltr'>vobis</span> <span class='ocrx_word' id='word_1_296' title='bbox 980 2447 1011 2475; x_wconf 82' lang='lat' dir='ltr'>in</span> 
     </span>
     <span class='ocr_line' id='line_1_53' title="bbox 270 2491 826 2526; baseline 0.002 -8"><span class='ocrx_word' id='word_1_297' title='bbox 270 2491 403 2522; x_wconf 78' lang='lat' dir='ltr'>Domino,</span> <span class='ocrx_word' id='word_1_298' title='bbox 420 2491 495 2526; x_wconf 79' lang='lat' dir='ltr'>quod</span> <span class='ocrx_word' id='word_1_299' title='bbox 510 2491 586 2518; x_wconf 78' lang='lat' dir='ltr'>nihil</span> <span class='ocrx_word' id='word_1_300' title='bbox 601 2491 686 2518; x_wconf 77' lang='lat' dir='ltr'>aliud</span> <span class='ocrx_word' id='word_1_301' title='bbox 700 2492 826 2526; x_wconf 78' lang='lat' dir='ltr'>sapietis.</span> 
     </span>
    </p>

    <p class='ocr_par' dir='ltr' id='par_1_12' title="bbox 267 2535 1013 2614">
     <span class='ocr_line' id='line_1_54' title="bbox 304 2535 1013 2571; baseline -0.001 -9"><span class='ocrx_word' id='word_1_302' title='bbox 304 2536 322 2562; x_wconf 83' lang='lat'>4</span> <span class='ocrx_word' id='word_1_303' title='bbox 336 2535 432 2562; x_wconf 82' lang='lat' dir='ltr'>Carasa</span> <span class='ocrx_word' id='word_1_304' title='bbox 447 2535 525 2571; x_wconf 84' lang='lat' dir='ltr'>legit:</span> <span class='ocrx_word' id='word_1_305' title='bbox 544 2536 620 2571; x_wconf 76' lang='lat' dir='ltr'>quod</span> <span class='ocrx_word' id='word_1_306' title='bbox 637 2536 719 2571; x_wconf 82' lang='lat' dir='ltr'>pleni</span> <span class='ocrx_word' id='word_1_307' title='bbox 738 2536 804 2564; x_wconf 73' lang='lat' dir='ltr'>estis</span> <span class='ocrx_word' id='word_1_308' title='bbox 823 2537 951 2564; x_wconf 76' lang='lat' dir='ltr'>bonitate</span> <span class='ocrx_word' id='word_1_309' title='bbox 971 2545 1013 2562; x_wconf 81' lang='lat' dir='ltr'>re-</span> 
     </span>
     <span class='ocr_line' id='line_1_55' title="bbox 267 2579 625 2614; baseline 0.003 -8"><span class='ocrx_word' id='word_1_310' title='bbox 267 2579 408 2614; x_wconf 79' lang='lat' dir='ltr'>pletionis</span> <span class='ocrx_word' id='word_1_311' title='bbox 422 2580 560 2608; x_wconf 77' lang='lat' dir='ltr'>scientiae</span> <span class='ocrx_word' id='word_1_312' title='bbox 571 2601 625 2608; x_wconf 83' lang='grc'><strong>.....</strong></span> 
     </span>
    </p>

    <p class='ocr_par' dir='ltr' id='par_1_13' title="bbox 305 2624 1011 2661">
     <span class='ocr_line' id='line_1_56' title="bbox 305 2624 1011 2661; baseline 0.003 -10"><span class='ocrx_word' id='word_1_313' title='bbox 305 2624 322 2651; x_wconf 91' lang='grc'>5</span> <span class='ocrx_word' id='word_1_314' title='bbox 337 2625 407 2652; x_wconf 79' lang='lat' dir='ltr'>Rom</span> <span class='ocrx_word' id='word_1_315' title='bbox 421 2625 515 2661; x_wconf 82' lang='lat' dir='ltr'>xv‚t4‚</span> <span class='ocrx_word' id='word_1_316' title='bbox 533 2625 577 2653; x_wconf 87' lang='lat' dir='ltr'>ubi</span> <span class='ocrx_word' id='word_1_317' title='bbox 592 2625 692 2661; x_wconf 86' lang='lat' dir='ltr'>inquit:</span> <span class='ocrx_word' id='word_1_318' title='bbox 711 2625 813 2654; x_wconf 81' lang='lat' dir='ltr'>Certus</span> <span class='ocrx_word' id='word_1_319' title='bbox 826 2634 889 2654; x_wconf 80' lang='lat' dir='ltr'>sum</span> <span class='ocrx_word' id='word_1_320' title='bbox 904 2629 1011 2661; x_wconf 77' lang='lat' dir='ltr'>autem,</span> 
     </span>
    </p>
   </div>
   <div class='ocr_carea' id='block_1_9' title="bbox 1030 310 1035 2700">
    <p class='ocr_par' dir='ltr' id='par_1_14' title="bbox 1030 310 1035 2700">
     <span class='ocr_line' id='line_1_57' title="bbox 1030 310 1035 2700; baseline 0 0"><span class='ocrx_word' id='word_1_321' title='bbox 1030 310 1035 2700; x_wconf 95' lang='lat' dir='ltr'> </span> 
     </span>
    </p>
   </div>
   <div class='ocr_carea' id='block_1_10' title="bbox 269 2669 1012 2706">
    <p class='ocr_par' dir='ltr' id='par_1_15' title="bbox 269 2669 1012 2706">
     <span class='ocr_line' id='line_1_58' title="bbox 269 2669 1012 2706; baseline 0.004 -10"><span class='ocrx_word' id='word_1_322' title='bbox 269 2669 376 2703; x_wconf 82' lang='lat' dir='ltr'>fratres</span> <span class='ocrx_word' id='word_1_323' title='bbox 402 2670 470 2705; x_wconf 80' lang='lat' dir='ltr'>mei,</span> <span class='ocrx_word' id='word_1_324' title='bbox 495 2672 521 2699; x_wconf 84' lang='lat' dir='ltr'>et</span> <span class='ocrx_word' id='word_1_325' title='bbox 537 2678 586 2705; x_wconf 72' lang='lat' dir='ltr'>eqo</span> <span class='ocrx_word' id='word_1_326' title='bbox 600 2670 661 2706; x_wconf 74' lang='lat' dir='ltr'>ipse</span> <span class='ocrx_word' id='word_1_327' title='bbox 681 2670 714 2698; x_wconf 76' lang='lat' dir='ltr'>cle</span> <span class='ocrx_word' id='word_1_328' title='bbox 730 2670 817 2705; x_wconf 87' lang='lat' dir='ltr'>vobis,</span> <span class='ocrx_word' id='word_1_329' title='bbox 834 2671 975 2706; x_wconf 75' lang='lat' dir='ltr'>quoniam</span> <span class='ocrx_word' id='word_1_330' title='bbox 989 2673 1012 2699; x_wconf 84' lang='lat' dir='ltr'>et</span> 
     </span>
    </p>
   </div>
   <div class='ocr_carea' id='block_1_11' title="bbox 1046 246 1788 402">
    <p class='ocr_par' dir='ltr' id='par_1_16' title="bbox 1046 246 1788 402">
     <span class='ocr_line' id='line_1_59' title="bbox 1694 246 1758 281; baseline 0 -1"><span class='ocrx_word' id='word_1_331' title='bbox 1694 246 1758 281; x_wconf 79' lang='lat'>515</span> 
     </span>
     <span class='ocr_line' id='line_1_60' title="bbox 1046 303 1788 348; baseline 0.007 -14"><span class='ocrx_word' id='word_1_332' title='bbox 1046 308 1156 336; x_wconf 84' lang='lat' dir='ltr'>sancto</span> <span class='ocrx_word' id='word_1_333' title='bbox 1178 303 1283 336; x_wconf 87' lang='lat' dir='ltr'>studio</span> <span class='ocrx_word' id='word_1_334' title='bbox 1302 310 1417 345; x_wconf 81' lang='lat' dir='ltr'>restro,</span> <span class='ocrx_word' id='word_1_335' title='bbox 1439 305 1526 348; x_wconf 88' lang='lat' dir='ltr'>quod</span> <span class='ocrx_word' id='word_1_336' title='bbox 1543 305 1718 339; x_wconf 82' lang='lat' dir='ltr'>Ecclesiam</span> <span class='ocrx_word' id='word_1_337' title='bbox 1737 316 1788 339; x_wconf 84' lang='lat' dir='ltr'>ca-</span> 
     </span>
     <span class='ocr_line' id='line_1_61' title="bbox 1047 355 1786 402; baseline 0.008 -15"><span class='ocrx_word' id='word_1_338' title='bbox 1047 355 1200 388; x_wconf 80' lang='lat' dir='ltr'>tholicam</span> <span class='ocrx_word' id='word_1_339' title='bbox 1231 357 1348 401; x_wconf 85' lang='lat' dir='ltr'>cupitis</span> <span class='ocrx_word' id='word_1_340' title='bbox 1369 358 1530 402; x_wconf 85' lang='lat' dir='ltr'>ampliari,</span> <span class='ocrx_word' id='word_1_341' title='bbox 1554 359 1633 391; x_wconf 90' lang='lat' dir='ltr'>nihil</span> <span class='ocrx_word' id='word_1_342' title='bbox 1656 369 1692 392; x_wconf 80' lang='lat' dir='ltr'>ex</span> <span class='ocrx_word' id='word_1_343' title='bbox 1714 359 1786 401; x_wconf 90' lang='lat' dir='ltr'>hoc,</span> 
     </span>
    </p>
   </div>
   <div class='ocr_carea' id='block_1_12' title="bbox 1030 408 1791 455">
    <p class='ocr_par' dir='ltr' id='par_1_17' title="bbox 1030 408 1791 455">
     <span class='ocr_line' id='line_1_62' title="bbox 1030 408 1791 455; baseline 0.008 -15"><span class='ocrx_word' id='word_1_344' title='bbox 1030 408 1072 447; x_wconf 46' lang='lat' dir='ltr'>,si</span> <span class='ocrx_word' id='word_1_345' title='bbox 1095 409 1171 441; x_wconf 83' lang='lat' dir='ltr'>tales</span> <span class='ocrx_word' id='word_1_346' title='bbox 1187 409 1217 441; x_wconf 90' lang='lat' dir='ltr'>in</span> <span class='ocrx_word' id='word_1_347' title='bbox 1235 411 1321 443; x_wconf 74' lang='lat' dir='ltr'>clero</span> <span class='ocrx_word' id='word_1_348' title='bbox 1339 421 1404 444; x_wconf 90' lang='lat' dir='ltr'>non</span> <span class='ocrx_word' id='word_1_349' title='bbox 1425 412 1635 455; x_wconf 79' lang='lat' dir='ltr'>recipiantur,</span> <span class='ocrx_word' id='word_1_350' title='bbox 1652 413 1791 447; x_wconf 82' lang='lat' dir='ltr'>credatis</span> 
     </span>
    </p>
   </div>
   <div class='ocr_carea' id='block_1_13' title="bbox 1047 462 1792 615">
    <p class='ocr_par' dir='ltr' id='par_1_18' title="bbox 1047 462 1792 615">
     <span class='ocr_line' id='line_1_63' title="bbox 1048 462 1670 508; baseline 0.008 -14"><span class='ocrx_word' id='word_1_351' title='bbox 1048 462 1210 501; x_wconf 81' lang='lat' dir='ltr'>imminui,</span> <span class='ocrx_word' id='word_1_352' title='bbox 1234 464 1388 506; x_wconf 76' lang='lat' dir='ltr'>Apostolo</span> <span class='ocrx_word' id='word_1_353' title='bbox 1416 472 1670 508; x_wconf 78' lang='lat' dir='ltr'>praemonente:</span> 
     </span>
     <span class='ocr_line' id='line_1_64' title="bbox 1048 516 1791 559; baseline 0.008 -12"><span class='ocrx_word' id='word_1_354' title='bbox 1048 516 1135 548; x_wconf 81' lang='lat' dir='ltr'>enim</span> <span class='ocrx_word' id='word_1_355' title='bbox 1154 516 1182 547; x_wconf 72' lang='lat' dir='ltr'>si</span> <span class='ocrx_word' id='word_1_356' title='bbox 1198 517 1334 559; x_wconf 69' lang='lat' dir='ltr'>quidam</span> <span class='ocrx_word' id='word_1_357' title='bbox 1355 528 1462 550; x_wconf 77' lang='lat' dir='ltr'>eornm</span> <span class='ocrx_word' id='word_1_358' title='bbox 1482 529 1542 551; x_wconf 79' lang='lat' dir='ltr'>non</span> <span class='ocrx_word' id='word_1_359' title='bbox 1559 520 1791 553; x_wconf 70' lang='lat' dir='ltr'>erediderunt?</span> 
     </span>
     <span class='ocr_line' id='line_1_65' title="bbox 1047 569 1792 615; baseline 0.007 -14"><span class='ocrx_word' id='word_1_360' title='bbox 1047 569 1221 612; x_wconf 76' lang='lat' dir='ltr'>Numquid</span> <span class='ocrx_word' id='word_1_361' title='bbox 1246 570 1461 603; x_wconf 72' lang='lat' dir='ltr'>incredulitas</span> <span class='ocrx_word' id='word_1_362' title='bbox 1482 583 1589 605; x_wconf 75' lang='lat' dir='ltr'>eorum</span> <span class='ocrx_word' id='word_1_363' title='bbox 1616 573 1710 615; x_wconf 78' lang='lat' dir='ltr'>sidem</span> <span class='ocrx_word' id='word_1_364' title='bbox 1730 574 1792 606; x_wconf 68' lang='lat' dir='ltr'>Det·</span> 
     </span>
    </p>
   </div>
   <div class='ocr_carea' id='block_1_14' title="bbox 1030 622 1790 661">
    <p class='ocr_par' dir='ltr' id='par_1_19' title="bbox 1030 622 1790 661">
     <span class='ocr_line' id='line_1_66' title="bbox 1030 622 1790 661; baseline 0.005 -6"><span class='ocrx_word' id='word_1_365' title='bbox 1030 654 1032 661; x_wconf 25' lang='grc' dir='ltr'><strong>Α</strong></span> <span class='ocrx_word' id='word_1_366' title='bbox 1047 624 1213 656; x_wconf 65' lang='lat' dir='ltr'>evacuarit</span> <span class='ocrx_word' id='word_1_367' title='bbox 1222 623 1268 656; x_wconf 70' lang='grc' dir='ltr'>ῑ)Λ</span> <span class='ocrx_word' id='word_1_368' title='bbox 1277 623 1337 655; x_wconf 71' lang='lat' dir='ltr'>tsi!</span> <span class='ocrx_word' id='word_1_369' title='bbox 1348 622 1378 656; x_wconf 76' lang='lat'>⁴⁰.</span> <span class='ocrx_word' id='word_1_370' title='bbox 1392 625 1469 657; x_wconf 87' lang='lat' dir='ltr'>Nam</span> <span class='ocrx_word' id='word_1_371' title='bbox 1486 625 1556 657; x_wconf 85' lang='lat' dir='ltr'>lieet</span> <span class='ocrx_word' id='word_1_372' title='bbox 1573 626 1668 659; x_wconf 83' lang='lat' dir='ltr'>simili</span> <span class='ocrx_word' id='word_1_373' title='bbox 1683 627 1790 660; x_wconf 84' lang='lat' dir='ltr'>studio</span> 
     </span>
    </p>
   </div>
   <div class='ocr_carea' id='block_1_15' title="bbox 1047 676 1797 1745">
    <p class='ocr_par' dir='ltr' id='par_1_20' title="bbox 1047 676 1797 1745">
     <span class='ocr_line' id='line_1_67' title="bbox 1048 676 1789 721; baseline 0.005 -12"><span class='ocrx_word' id='word_1_374' title='bbox 1048 676 1212 710; x_wconf 82' lang='lat' dir='ltr'>eharitatis</span> <span class='ocrx_word' id='word_1_375' title='bbox 1247 687 1307 720; x_wconf 84' lang='lat' dir='ltr'>pro</span> <span class='ocrx_word' id='word_1_376' title='bbox 1343 678 1611 721; x_wconf 77' lang='lat' dir='ltr'>multiplicatione</span> <span class='ocrx_word' id='word_1_377' title='bbox 1643 679 1789 713; x_wconf 80' lang='lat' dir='ltr'>fidelium</span> 
     </span>
     <span class='ocr_line' id='line_1_68' title="bbox 1049 730 1791 775; baseline 0.005 -13"><span class='ocrx_word' id='word_1_378' title='bbox 1049 730 1102 763; x_wconf 90' lang='lat' dir='ltr'>ille</span> <span class='ocrx_word' id='word_1_379' title='bbox 1129 731 1241 763; x_wconf 85' lang='lat' dir='ltr'>beatus</span> <span class='ocrx_word' id='word_1_380' title='bbox 1263 730 1374 763; x_wconf 83' lang='lat' dir='ltr'>Petrus</span> <span class='ocrx_word' id='word_1_381' title='bbox 1395 731 1540 764; x_wconf 82' lang='lat' dir='ltr'>caelestis</span> <span class='ocrx_word' id='word_1_382' title='bbox 1563 731 1652 775; x_wconf 71' lang='lat' dir='ltr'>regni</span> <span class='ocrx_word' id='word_1_383' title='bbox 1675 733 1791 766; x_wconf 88' lang='lat' dir='ltr'>ianitor</span> 
     </span>
     <span class='ocr_line' id='line_1_69' title="bbox 1050 784 1793 830; baseline 0.004 -14"><span class='ocrx_word' id='word_1_384' title='bbox 1050 784 1252 825; x_wconf 81' lang='lat' dir='ltr'>traheretur,</span> <span class='ocrx_word' id='word_1_385' title='bbox 1285 784 1358 828; x_wconf 83' lang='lat' dir='ltr'>qui,</span> <span class='ocrx_word' id='word_1_386' title='bbox 1391 790 1422 817; x_wconf 85' lang='lat' dir='ltr'>ut</span> <span class='ocrx_word' id='word_1_387' title='bbox 1457 784 1648 818; x_wconf 87' lang='lat' dir='ltr'>ludaeorum</span> <span class='ocrx_word' id='word_1_388' title='bbox 1683 787 1793 830; x_wconf 90' lang='lat' dir='ltr'>plures</span> 
     </span>
     <span class='ocr_line' id='line_1_70' title="bbox 1048 838 1793 883; baseline 0.003 -12"><span class='ocrx_word' id='word_1_389' title='bbox 1048 838 1240 883; x_wconf 83' lang='lat' dir='ltr'>acquireret,</span> <span class='ocrx_word' id='word_1_390' title='bbox 1253 849 1270 871; x_wconf 92' lang='lat' dir='ltr'>a</span> <span class='ocrx_word' id='word_1_391' title='bbox 1288 838 1435 871; x_wconf 87' lang='lat' dir='ltr'>doctrina</span> <span class='ocrx_word' id='word_1_392' title='bbox 1457 844 1485 871; x_wconf 84' lang='lat' dir='ltr'>et</span> <span class='ocrx_word' id='word_1_393' title='bbox 1508 839 1636 872; x_wconf 78' lang='lat' dir='ltr'>tramite</span> <span class='ocrx_word' id='word_1_394' title='bbox 1653 841 1793 882; x_wconf 80' lang='lat' dir='ltr'>regulari</span> 
     </span>
     <span class='ocr_line' id='line_1_71' title="bbox 1048 892 1793 936; baseline 0.003 -11"><span class='ocrx_word' id='word_1_395' title='bbox 1048 893 1079 925; x_wconf 91' lang='lat' dir='ltr'>in</span> <span class='ocrx_word' id='word_1_396' title='bbox 1094 903 1158 925; x_wconf 92' lang='lat' dir='ltr'>non</span> <span class='ocrx_word' id='word_1_397' title='bbox 1174 893 1359 936; x_wconf 80' lang='lat' dir='ltr'>respuendo</span> <span class='ocrx_word' id='word_1_398' title='bbox 1374 892 1462 925; x_wconf 92' lang='lat' dir='ltr'>omni</span> <span class='ocrx_word' id='word_1_399' title='bbox 1478 893 1639 926; x_wconf 69' lang='lat' dir='ltr'>Iudaismo</span> <span class='ocrx_word' id='word_1_400' title='bbox 1661 894 1793 927; x_wconf 83' lang='lat' dir='ltr'>descen-</span> 
     </span>
     <span class='ocr_line' id='line_1_72' title="bbox 1048 946 1793 987; baseline 0.001 -7"><span class='ocrx_word' id='word_1_401' title='bbox 1048 948 1139 981; x_wconf 82' lang='lat' dir='ltr'>derat</span> <span class='ocrx_word' id='word_1_402' title='bbox 1152 946 1183 987; x_wconf 86' lang='lat'>¹¹;</span> <span class='ocrx_word' id='word_1_403' title='bbox 1204 947 1280 979; x_wconf 88' lang='lat' dir='ltr'>huic</span> <span class='ocrx_word' id='word_1_404' title='bbox 1295 952 1402 980; x_wconf 86' lang='lat' dir='ltr'>tamen</span> <span class='ocrx_word' id='word_1_405' title='bbox 1421 947 1474 979; x_wconf 84' lang='lat' dir='ltr'>ille</span> <span class='ocrx_word' id='word_1_406' title='bbox 1492 947 1599 979; x_wconf 84' lang='lat' dir='ltr'>iunior</span> <span class='ocrx_word' id='word_1_407' title='bbox 1616 947 1741 981; x_wconf 75' lang='lat' dir='ltr'>vinctus</span> <span class='ocrx_word' id='word_1_408' title='bbox 1762 949 1793 981; x_wconf 94' lang='lat' dir='ltr'>in</span> 
     </span>
     <span class='ocr_line' id='line_1_73' title="bbox 1047 1000 1789 1041; baseline 0.001 -8"><span class='ocrx_word' id='word_1_409' title='bbox 1047 1001 1184 1034; x_wconf 88' lang='lat' dir='ltr'>Domino</span> <span class='ocrx_word' id='word_1_410' title='bbox 1198 1001 1316 1034; x_wconf 88' lang='lat' dir='ltr'>Paulus</span> <span class='ocrx_word' id='word_1_411' title='bbox 1329 1011 1361 1034; x_wconf 88' lang='lat' dir='ltr'>se</span> <span class='ocrx_word' id='word_1_412' title='bbox 1376 1000 1485 1033; x_wconf 86' lang='lat' dir='ltr'>retulit</span> <span class='ocrx_word' id='word_1_413' title='bbox 1499 1001 1655 1041; x_wconf 79' lang='lat' dir='ltr'>obviasse,</span> <span class='ocrx_word' id='word_1_414' title='bbox 1670 1001 1789 1035; x_wconf 82' lang='lat' dir='ltr'>dicens:</span> 
     </span>
     <span class='ocr_line' id='line_1_74' title="bbox 1047 1054 1795 1099; baseline 0 -11"><span class='ocrx_word' id='word_1_415' title='bbox 1047 1055 1109 1088; x_wconf 84' lang='lat' dir='ltr'>Secl</span> <span class='ocrx_word' id='word_1_416' title='bbox 1129 1066 1200 1088; x_wconf 77' lang='lat' dir='ltr'>cum</span> <span class='ocrx_word' id='word_1_417' title='bbox 1223 1054 1374 1088; x_wconf 62' lang='lat' dir='ltr'>vidissem</span> <span class='ocrx_word' id='word_1_418' title='bbox 1394 1054 1481 1098; x_wconf 76' lang='lat' dir='ltr'>qitocl</span> <span class='ocrx_word' id='word_1_419' title='bbox 1498 1065 1564 1087; x_wconf 79' lang='lat' dir='ltr'>non</span> <span class='ocrx_word' id='word_1_420' title='bbox 1579 1059 1662 1087; x_wconf 73' lang='lat' dir='ltr'>recte</span> <span class='ocrx_word' id='word_1_421' title='bbox 1686 1056 1795 1099; x_wconf 59' lang='lat' dir='ltr'>inare-</span> 
     </span>
     <span class='ocr_line' id='line_1_75' title="bbox 1047 1107 1796 1153; baseline 0 -11"><span class='ocrx_word' id='word_1_422' title='bbox 1047 1107 1236 1142; x_wconf 63' lang='lat' dir='ltr'>demtum-¹2</span> <span class='ocrx_word' id='word_1_423' title='bbox 1257 1109 1298 1142; x_wconf 79' lang='lat' dir='ltr'>acl</span> <span class='ocrx_word' id='word_1_424' title='bbox 1323 1110 1494 1142; x_wconf 74' lang='lat' dir='ltr'>ceritatem</span> <span class='ocrx_word' id='word_1_425' title='bbox 1520 1110 1695 1153; x_wconf 69' lang='lat' dir='ltr'>eranqelii,</span> <span class='ocrx_word' id='word_1_426' title='bbox 1723 1110 1796 1142; x_wconf 64' lang='lat' dir='ltr'>(Iz&#39;oet&#39;</span> 
     </span>
     <span class='ocr_line' id='line_1_76' title="bbox 1047 1164 1794 1204; baseline -0.001 -8"><span class='ocrx_word' id='word_1_427' title='bbox 1047 1164 1146 1196; x_wconf 82' lang='lat' dir='ltr'>Petro</span> <span class='ocrx_word' id='word_1_428' title='bbox 1162 1174 1271 1196; x_wconf 82' lang='lat' dir='ltr'>coram</span> <span class='ocrx_word' id='word_1_429' title='bbox 1289 1164 1456 1196; x_wconf 64' lang='lat' dir='ltr'>ommibus.-</span> <span class='ocrx_word' id='word_1_430' title='bbox 1471 1164 1507 1196; x_wconf 72' lang='lat' dir='ltr'>St</span> <span class='ocrx_word' id='word_1_431' title='bbox 1525 1167 1570 1204; x_wconf 69' lang='lat' dir='ltr'>tn„</span> <span class='ocrx_word' id='word_1_432' title='bbox 1588 1174 1659 1196; x_wconf 78' lang='lat' dir='ltr'>enm</span> <span class='ocrx_word' id='word_1_433' title='bbox 1679 1164 1724 1196; x_wconf 78' lang='lat' dir='ltr'>sis</span> <span class='ocrx_word' id='word_1_434' title='bbox 1736 1164 1794 1196; x_wconf 84' lang='lat' dir='ltr'>Iu-</span> 
     </span>
     <span class='ocr_line' id='line_1_77' title="bbox 1048 1216 1795 1261; baseline -0.001 -11"><span class='ocrx_word' id='word_1_435' title='bbox 1048 1217 1159 1258; x_wconf 78' lang='lat' dir='ltr'>daeus,</span> <span class='ocrx_word' id='word_1_436' title='bbox 1175 1217 1346 1261; x_wconf 73' lang='lat' dir='ltr'>(semiliter</span> <span class='ocrx_word' id='word_1_437' title='bbox 1363 1216 1488 1257; x_wconf 74' lang='lat' dir='ltr'>riris¹⁸,</span> <span class='ocrx_word' id='word_1_438' title='bbox 1505 1217 1664 1260; x_wconf 77' lang='lat' dir='ltr'>quomodo</span> <span class='ocrx_word' id='word_1_439' title='bbox 1685 1221 1795 1260; x_wconf 58' lang='lat' dir='ltr'>flentes</span> 
     </span>
     <span class='ocr_line' id='line_1_78' title="bbox 1047 1271 1794 1316; baseline 0 -12"><span class='ocrx_word' id='word_1_440' title='bbox 1047 1273 1134 1316; x_wconf 69' lang='lat' dir='ltr'>coqis</span> <span class='ocrx_word' id='word_1_441' title='bbox 1162 1271 1360 1304; x_wconf 65' lang='lat' dir='ltr'>iudaizare?</span> <span class='ocrx_word' id='word_1_442' title='bbox 1381 1272 1465 1304; x_wconf 79' lang='lat' dir='ltr'>llaec</span> <span class='ocrx_word' id='word_1_443' title='bbox 1497 1281 1575 1313; x_wconf 71' lang='lat' dir='ltr'>ergo</span> <span class='ocrx_word' id='word_1_444' title='bbox 1600 1282 1658 1315; x_wconf 86' lang='lat' dir='ltr'>per</span> <span class='ocrx_word' id='word_1_445' title='bbox 1686 1272 1794 1304; x_wconf 85' lang='lat' dir='ltr'>omnia</span> 
     </span>
     <span class='ocr_line' id='line_1_79' title="bbox 1048 1324 1791 1368; baseline 0 -10"><span class='ocrx_word' id='word_1_446' title='bbox 1048 1326 1113 1358; x_wconf 87' lang='lat' dir='ltr'>Deo</span> <span class='ocrx_word' id='word_1_447' title='bbox 1134 1325 1225 1358; x_wconf 77' lang='lat' dir='ltr'>cordi</span> <span class='ocrx_word' id='word_1_448' title='bbox 1251 1330 1356 1358; x_wconf 85' lang='lat' dir='ltr'>vestro</span> <span class='ocrx_word' id='word_1_449' title='bbox 1381 1324 1576 1358; x_wconf 69' lang='lat' dir='ltr'>assidente¹⁴</span> <span class='ocrx_word' id='word_1_450' title='bbox 1600 1330 1791 1368; x_wconf 77' lang='lat' dir='ltr'>pensantes,</span> 
     </span>
     <span class='ocr_line' id='line_1_80' title="bbox 1049 1378 1795 1423; baseline 0 -12"><span class='ocrx_word' id='word_1_451' title='bbox 1049 1389 1225 1421; x_wconf 75' lang='lat' dir='ltr'>agnoscere</span> <span class='ocrx_word' id='word_1_452' title='bbox 1246 1378 1407 1423; x_wconf 86' lang='lat' dir='ltr'>poteritis,</span> <span class='ocrx_word' id='word_1_453' title='bbox 1428 1389 1493 1411; x_wconf 92' lang='lat' dir='ltr'>non</span> <span class='ocrx_word' id='word_1_454' title='bbox 1512 1378 1717 1412; x_wconf 83' lang='lat' dir='ltr'>occasionem</span> <span class='ocrx_word' id='word_1_455' title='bbox 1736 1389 1795 1411; x_wconf 84' lang='lat' dir='ltr'>nos</span> 
     </span>
     <span class='ocr_line' id='line_1_81' title="bbox 1050 1432 1795 1476; baseline 0 -11"><span class='ocrx_word' id='word_1_456' title='bbox 1050 1432 1266 1466; x_wconf 77' lang='lat' dir='ltr'>excusationis</span> <span class='ocrx_word' id='word_1_457' title='bbox 1284 1432 1463 1476; x_wconf 81' lang='lat' dir='ltr'>inquirere,</span> <span class='ocrx_word' id='word_1_458' title='bbox 1486 1432 1542 1465; x_wconf 85' lang='lat' dir='ltr'>scd</span> <span class='ocrx_word' id='word_1_459' title='bbox 1563 1442 1611 1471; x_wconf 86' lang='lat' dir='ltr'>ca,</span> <span class='ocrx_word' id='word_1_460' title='bbox 1635 1442 1718 1476; x_wconf 83' lang='lat' dir='ltr'>quae</span> <span class='ocrx_word' id='word_1_461' title='bbox 1735 1442 1795 1475; x_wconf 90' lang='lat' dir='ltr'>pro</span> 
     </span>
     <span class='ocr_line' id='line_1_82' title="bbox 1050 1486 1797 1530; baseline 0 -12"><span class='ocrx_word' id='word_1_462' title='bbox 1050 1486 1145 1519; x_wconf 81' lang='lat' dir='ltr'>officii</span> <span class='ocrx_word' id='word_1_463' title='bbox 1157 1486 1256 1519; x_wconf 86' lang='lat' dir='ltr'>nostri</span> <span class='ocrx_word' id='word_1_464' title='bbox 1270 1486 1394 1519; x_wconf 89' lang='lat' dir='ltr'>ratione</span> <span class='ocrx_word' id='word_1_465' title='bbox 1409 1486 1637 1519; x_wconf 81' lang='lat' dir='ltr'>transcendere</span> <span class='ocrx_word' id='word_1_466' title='bbox 1651 1496 1715 1518; x_wconf 92' lang='lat' dir='ltr'>non</span> <span class='ocrx_word' id='word_1_467' title='bbox 1725 1496 1797 1530; x_wconf 91' lang='lat' dir='ltr'>pos-</span> 
     </span>
     <span class='ocr_line' id='line_1_83' title="bbox 1049 1539 1796 1581; baseline -0.001 -8"><span class='ocrx_word' id='word_1_468' title='bbox 1049 1551 1171 1580; x_wconf 82' lang='lat' dir='ltr'>sumus,</span> <span class='ocrx_word' id='word_1_469' title='bbox 1193 1540 1282 1573; x_wconf 69' lang='lat' dir='ltr'>vobis</span> <span class='ocrx_word' id='word_1_470' title='bbox 1302 1539 1470 1573; x_wconf 87' lang='lat' dir='ltr'>humiliter</span> <span class='ocrx_word' id='word_1_471' title='bbox 1490 1540 1651 1581; x_wconf 82' lang='lat' dir='ltr'>intimare,</span> <span class='ocrx_word' id='word_1_472' title='bbox 1669 1539 1796 1573; x_wconf 76' lang='lat' dir='ltr'>d1cente</span> 
     </span>
     <span class='ocr_line' id='line_1_84' title="bbox 1050 1593 1796 1638; baseline -0.001 -11"><span class='ocrx_word' id='word_1_473' title='bbox 1050 1594 1225 1638; x_wconf 77' lang='lat' dir='ltr'>Apostolo:</span> <span class='ocrx_word' id='word_1_474' title='bbox 1254 1594 1327 1627; x_wconf 84' lang='lat' dir='ltr'>Nou</span> <span class='ocrx_word' id='word_1_475' title='bbox 1354 1595 1442 1627; x_wconf 81' lang='lat' dir='ltr'>enim</span> <span class='ocrx_word' id='word_1_476' title='bbox 1463 1605 1638 1638; x_wconf 74' lang='lat' dir='ltr'>possamus</span> <span class='ocrx_word' id='word_1_477' title='bbox 1662 1593 1796 1637; x_wconf 72' lang='lat' dir='ltr'>aliquid</span> 
     </span>
     <span class='ocr_line' id='line_1_85' title="bbox 1050 1645 1795 1691; baseline 0 -11"><span class='ocrx_word' id='word_1_478' title='bbox 1050 1651 1162 1680; x_wconf 76' lang='lat' dir='ltr'>contra</span> <span class='ocrx_word' id='word_1_479' title='bbox 1178 1648 1361 1688; x_wconf 78' lang='lat' dir='ltr'>veritatem,</span> <span class='ocrx_word' id='word_1_480' title='bbox 1377 1647 1431 1680; x_wconf 80' lang='lat' dir='ltr'>sed</span> <span class='ocrx_word' id='word_1_481' title='bbox 1441 1658 1501 1691; x_wconf 73' lang='lat' dir='ltr'>pro</span> <span class='ocrx_word' id='word_1_482' title='bbox 1516 1648 1650 1680; x_wconf 70' lang='lat' dir='ltr'>veritate</span> <span class='ocrx_word' id='word_1_483' title='bbox 1662 1645 1691 1680; x_wconf 78' lang='lat'>¹⁵.</span> <span class='ocrx_word' id='word_1_484' title='bbox 1705 1647 1795 1681; x_wconf 90' lang='lat' dir='ltr'>Unde</span> 
     </span>
     <span class='ocr_line' id='line_1_86' title="bbox 1050 1700 1795 1745; baseline -0.001 -12"><span class='ocrx_word' id='word_1_485' title='bbox 1050 1706 1081 1733; x_wconf 93' lang='lat' dir='ltr'>et</span> <span class='ocrx_word' id='word_1_486' title='bbox 1105 1700 1144 1734; x_wconf 89' lang='lat' dir='ltr'>de</span> <span class='ocrx_word' id='word_1_487' title='bbox 1164 1700 1318 1744; x_wconf 87' lang='lat' dir='ltr'>Stephani</span> <span class='ocrx_word' id='word_1_488' title='bbox 1351 1700 1501 1745; x_wconf 83' lang='lat' dir='ltr'>Episcopi</span> <span class='ocrx_word' id='word_1_489' title='bbox 1533 1711 1674 1745; x_wconf 82' lang='lat' dir='ltr'>persona</span> <span class='ocrx_word' id='word_1_490' title='bbox 1697 1700 1795 1734; x_wconf 88' lang='lat' dir='ltr'>simul</span> 
     </span>
    </p>
   </div>
   <div class='ocr_carea' id='block_1_16' title="bbox 1046 1862 1794 2698">
    <p class='ocr_par' dir='ltr' id='par_1_21' title="bbox 1050 1862 1794 1942">
     <span class='ocr_line' id='line_1_87' title="bbox 1050 1862 1794 1898; baseline 0.001 -9"><span class='ocrx_word' id='word_1_491' title='bbox 1050 1862 1107 1897; x_wconf 83' lang='lat' dir='ltr'>ipsi</span> <span class='ocrx_word' id='word_1_492' title='bbox 1127 1863 1209 1897; x_wconf 77' lang='lat' dir='ltr'>pleni</span> <span class='ocrx_word' id='word_1_493' title='bbox 1224 1863 1292 1890; x_wconf 81' lang='lat' dir='ltr'>estis</span> <span class='ocrx_word' id='word_1_494' title='bbox 1308 1862 1472 1897; x_wconf 78' lang='lat' dir='ltr'>dilectione,</span> <span class='ocrx_word' id='word_1_495' title='bbox 1489 1863 1589 1898; x_wconf 70' lang='lat' dir='ltr'>repleti</span> <span class='ocrx_word' id='word_1_496' title='bbox 1608 1863 1689 1890; x_wconf 73' lang='lat' dir='ltr'>omni</span> <span class='ocrx_word' id='word_1_497' title='bbox 1703 1864 1794 1891; x_wconf 79' lang='lat' dir='ltr'>scien-</span> 
     </span>
     <span class='ocr_line' id='line_1_88' title="bbox 1050 1907 1673 1942; baseline 0.003 -9"><span class='ocrx_word' id='word_1_498' title='bbox 1050 1908 1100 1941; x_wconf 82' lang='lat' dir='ltr'>tia,</span> <span class='ocrx_word' id='word_1_499' title='bbox 1118 1907 1160 1935; x_wconf 76' lang='lat' dir='ltr'>ita</span> <span class='ocrx_word' id='word_1_500' title='bbox 1177 1910 1208 1935; x_wconf 82' lang='lat' dir='ltr'>ut</span> <span class='ocrx_word' id='word_1_501' title='bbox 1219 1908 1338 1942; x_wconf 79' lang='lat' dir='ltr'>possitis</span> <span class='ocrx_word' id='word_1_502' title='bbox 1354 1909 1532 1936; x_wconf 75' lang='lat' dir='ltr'>alterutrum</span> <span class='ocrx_word' id='word_1_503' title='bbox 1547 1917 1673 1936; x_wconf 81' lang='lat' dir='ltr'>monere.</span> 
     </span>
    </p>

    <p class='ocr_par' dir='ltr' id='par_1_22' title="bbox 1085 1952 1669 1987">
     <span class='ocr_line' id='line_1_89' title="bbox 1085 1952 1669 1987; baseline 0.002 -8"><span class='ocrx_word' id='word_1_504' title='bbox 1085 1953 1101 1979; x_wconf 79' lang='lat'>6</span> <span class='ocrx_word' id='word_1_505' title='bbox 1117 1963 1128 1977; x_wconf 87' lang='lat'><em>«</em></span> <span class='ocrx_word' id='word_1_506' title='bbox 1143 1953 1284 1987; x_wconf 69' lang='lat' dir='ltr'>Leqt&#39;tz&#39;me</span> <span class='ocrx_word' id='word_1_507' title='bbox 1298 1962 1309 1978; x_wconf 69' lang='grc' dir='ltr'><strong><em>ι</em></strong></span> <span class='ocrx_word' id='word_1_508' title='bbox 1327 1952 1354 1979; x_wconf 85' lang='lat' dir='ltr'>in</span> <span class='ocrx_word' id='word_1_509' title='bbox 1370 1961 1416 1979; x_wconf 93' lang='lat' dir='ltr'>nn.</span> <span class='ocrx_word' id='word_1_510' title='bbox 1432 1953 1513 1980; x_wconf 85' lang='lat' dir='ltr'>codd.</span> <span class='ocrx_word' id='word_1_511' title='bbox 1525 1953 1669 1981; x_wconf 88' lang='lat' dir='ltr'>omittitur.</span> 
     </span>
    </p>

    <p class='ocr_par' dir='ltr' id='par_1_23' title="bbox 1049 1997 1793 2076">
     <span class='ocr_line' id='line_1_90' title="bbox 1084 1997 1793 2032; baseline 0 -8"><span class='ocrx_word' id='word_1_512' title='bbox 1084 1998 1099 2024; x_wconf 92' lang='lat'><strong>7</strong></span> <span class='ocrx_word' id='word_1_513' title='bbox 1116 1998 1180 2024; x_wconf 81' lang='lat' dir='ltr'>Luc.</span> <span class='ocrx_word' id='word_1_514' title='bbox 1199 2006 1235 2032; x_wconf 77' lang='lat' dir='ltr'>ix,</span> <span class='ocrx_word' id='word_1_515' title='bbox 1252 1998 1297 2031; x_wconf 63' lang='lat'>23,</span> <span class='ocrx_word' id='word_1_516' title='bbox 1314 1997 1359 2024; x_wconf 91' lang='lat' dir='ltr'>ubi</span> <span class='ocrx_word' id='word_1_517' title='bbox 1375 1997 1449 2025; x_wconf 57' lang='lat' dir='ltr'>add:</span> <span class='ocrx_word' id='word_1_518' title='bbox 1470 1998 1561 2026; x_wconf 83' lang='lat' dir='ltr'>TolIat</span> <span class='ocrx_word' id='word_1_519' title='bbox 1575 2006 1689 2025; x_wconf 78' lang='lat' dir='ltr'>erucem</span> <span class='ocrx_word' id='word_1_520' title='bbox 1709 2005 1793 2026; x_wconf 81' lang='lat' dir='ltr'>suam</span> 
     </span>
     <span class='ocr_line' id='line_1_91' title="bbox 1049 2042 1189 2076; baseline 0 -8"><span class='ocrx_word' id='word_1_521' title='bbox 1049 2042 1189 2076; x_wconf 75' lang='lat' dir='ltr'>quotidie.</span> 
     </span>
    </p>

    <p class='ocr_par' dir='ltr' id='par_1_24' title="bbox 1049 2086 1793 2203">
     <span class='ocr_line' id='line_1_92' title="bbox 1084 2086 1791 2114; baseline 0 -1"><span class='ocrx_word' id='word_1_522' title='bbox 1084 2086 1099 2113; x_wconf 90' lang='lat'><em>8</em></span> <span class='ocrx_word' id='word_1_523' title='bbox 1115 2086 1158 2113; x_wconf 76' lang='lat' dir='ltr'>Sic</span> <span class='ocrx_word' id='word_1_524' title='bbox 1173 2095 1219 2113; x_wconf 87' lang='lat' dir='ltr'>nn.</span> <span class='ocrx_word' id='word_1_525' title='bbox 1242 2087 1320 2114; x_wconf 84' lang='lat' dir='ltr'>codd.</span> <span class='ocrx_word' id='word_1_526' title='bbox 1340 2095 1400 2114; x_wconf 89' lang='lat' dir='ltr'>cum</span> <span class='ocrx_word' id='word_1_527' title='bbox 1421 2087 1526 2114; x_wconf 80' lang='lat' dir='ltr'>Carafa.</span> <span class='ocrx_word' id='word_1_528' title='bbox 1547 2103 1582 2107; x_wconf 91' lang='lat'><em>-</em></span> <span class='ocrx_word' id='word_1_529' title='bbox 1601 2087 1678 2114; x_wconf 87' lang='lat' dir='ltr'>Cont.</span> <span class='ocrx_word' id='word_1_530' title='bbox 1701 2087 1791 2114; x_wconf 67' lang='lat' dir='ltr'>tlonst.</span> 
     </span>
     <span class='ocr_line' id='line_1_93' title="bbox 1049 2127 1793 2163; baseline 0 -10"><span class='ocrx_word' id='word_1_531' title='bbox 1049 2135 1112 2154; x_wconf 87' lang='lat' dir='ltr'>mss.</span> <span class='ocrx_word' id='word_1_532' title='bbox 1130 2127 1247 2162; x_wconf 81' lang='lat' dir='ltr'>corrigg.</span> <span class='ocrx_word' id='word_1_533' title='bbox 1263 2128 1468 2163; x_wconf 74' lang='lat' dir='ltr'>recupernmtt,</span> <span class='ocrx_word' id='word_1_534' title='bbox 1481 2127 1552 2163; x_wconf 88' lang='lat' dir='ltr'>quod</span> <span class='ocrx_word' id='word_1_535' title='bbox 1568 2128 1667 2154; x_wconf 82' lang='lat' dir='ltr'>Baron.</span> <span class='ocrx_word' id='word_1_536' title='bbox 1684 2135 1793 2162; x_wconf 84' lang='lat' dir='ltr'>quoque</span> 
     </span>
     <span class='ocr_line' id='line_1_94' title="bbox 1049 2167 1445 2203; baseline 0 -9"><span class='ocrx_word' id='word_1_537' title='bbox 1049 2171 1075 2194; x_wconf 88' lang='lat' dir='ltr'>et</span> <span class='ocrx_word' id='word_1_538' title='bbox 1090 2167 1173 2194; x_wconf 81' lang='lat' dir='ltr'>Lahb.</span> <span class='ocrx_word' id='word_1_539' title='bbox 1190 2167 1223 2195; x_wconf 84' lang='lat' dir='ltr'>ad</span> <span class='ocrx_word' id='word_1_540' title='bbox 1239 2177 1323 2203; x_wconf 81' lang='lat' dir='ltr'>marg.</span> <span class='ocrx_word' id='word_1_541' title='bbox 1342 2171 1445 2194; x_wconf 85' lang='lat' dir='ltr'>notant.</span> 
     </span>
    </p>

    <p class='ocr_par' dir='ltr' id='par_1_25' title="bbox 1050 2212 1791 2280">
     <span class='ocr_line' id='line_1_95' title="bbox 1083 2212 1791 2247; baseline -0.003 -7"><span class='ocrx_word' id='word_1_542' title='bbox 1083 2213 1099 2240; x_wconf 87' lang='lat'>9</span> <span class='ocrx_word' id='word_1_543' title='bbox 1115 2212 1200 2239; x_wconf 85' lang='lat' dir='ltr'>Galat.</span> <span class='ocrx_word' id='word_1_544' title='bbox 1223 2220 1260 2245; x_wconf 85' lang='lat' dir='ltr'>lv,</span> <span class='ocrx_word' id='word_1_545' title='bbox 1284 2214 1326 2245; x_wconf 80' lang='lat'>17,</span> <span class='ocrx_word' id='word_1_546' title='bbox 1348 2212 1393 2239; x_wconf 90' lang='lat' dir='ltr'>ubi</span> <span class='ocrx_word' id='word_1_547' title='bbox 1409 2215 1503 2240; x_wconf 80' lang='lat' dir='ltr'>autem</span> <span class='ocrx_word' id='word_1_548' title='bbox 1520 2212 1606 2247; x_wconf 82' lang='lat' dir='ltr'>deest,</span> <span class='ocrx_word' id='word_1_549' title='bbox 1622 2216 1648 2239; x_wconf 88' lang='lat' dir='ltr'>et</span> <span class='ocrx_word' id='word_1_550' title='bbox 1664 2220 1723 2239; x_wconf 90' lang='lat' dir='ltr'>mox</span> <span class='ocrx_word' id='word_1_551' title='bbox 1739 2212 1791 2247; x_wconf 82' lang='lat' dir='ltr'>leg.</span> 
     </span>
     <span class='ocr_line' id='line_1_96' title="bbox 1050 2253 1331 2280; baseline 0.004 -1"><span class='ocrx_word' id='word_1_552' title='bbox 1050 2253 1112 2280; x_wconf 79' lang='lat' dir='ltr'>ittos</span> <span class='ocrx_word' id='word_1_553' title='bbox 1131 2253 1331 2280; x_wconf 78' lang='lat' dir='ltr'>aemulemini.</span> 
     </span>
    </p>

    <p class='ocr_par' dir='ltr' id='par_1_26' title="bbox 1047 2297 1792 2374">
     <span class='ocr_line' id='line_1_97' title="bbox 1082 2297 1792 2331; baseline -0.001 -7"><span class='ocrx_word' id='word_1_554' title='bbox 1082 2297 1118 2324; x_wconf 82' lang='lat'>‘10</span> <span class='ocrx_word' id='word_1_555' title='bbox 1134 2298 1209 2324; x_wconf 81' lang='lat' dir='ltr'>Rom.</span> <span class='ocrx_word' id='word_1_556' title='bbox 1233 2305 1275 2329; x_wconf 86' lang='lat'>111,</span> <span class='ocrx_word' id='word_1_557' title='bbox 1298 2298 1324 2331; x_wconf 77' lang='lat'>3,</span> <span class='ocrx_word' id='word_1_558' title='bbox 1350 2298 1395 2325; x_wconf 86' lang='lat' dir='ltr'>ubi</span> <span class='ocrx_word' id='word_1_559' title='bbox 1419 2299 1538 2326; x_wconf 74' lang='lat' dir='ltr'>illorum</span> <span class='ocrx_word' id='word_1_560' title='bbox 1556 2298 1613 2325; x_wconf 76' lang='lat' dir='ltr'>loco</span> <span class='ocrx_word' id='word_1_561' title='bbox 1634 2305 1745 2331; x_wconf 80' lang='lat' dir='ltr'>eorum,</span> <span class='ocrx_word' id='word_1_562' title='bbox 1767 2301 1792 2324; x_wconf 87' lang='lat' dir='ltr'>et</span> 
     </span>
     <span class='ocr_line' id='line_1_98' title="bbox 1047 2339 1555 2374; baseline 0.002 -10"><span class='ocrx_word' id='word_1_563' title='bbox 1047 2339 1198 2366; x_wconf 74' lang='lat' dir='ltr'>evacuabit</span> <span class='ocrx_word' id='word_1_564' title='bbox 1213 2347 1261 2374; x_wconf 92' lang='lat' dir='ltr'>pro</span> <span class='ocrx_word' id='word_1_565' title='bbox 1277 2339 1430 2366; x_wconf 75' lang='lat' dir='ltr'>evacuavit</span> <span class='ocrx_word' id='word_1_566' title='bbox 1447 2339 1555 2374; x_wconf 64' lang='lat' dir='ltr'>tegitur.</span> 
     </span>
    </p>

    <p class='ocr_par' dir='ltr' id='par_1_27' title="bbox 1046 2382 1791 2458">
     <span class='ocr_line' id='line_1_99' title="bbox 1083 2382 1791 2419; baseline -0.001 -9"><span class='ocrx_word' id='word_1_567' title='bbox 1083 2384 1113 2410; x_wconf 87' lang='lat'>11</span> <span class='ocrx_word' id='word_1_568' title='bbox 1134 2382 1257 2410; x_wconf 79' lang='lat' dir='ltr'>Fortasse</span> <span class='ocrx_word' id='word_1_569' title='bbox 1273 2383 1417 2419; x_wconf 77' lang='lat' dir='ltr'>legendum</span> <span class='ocrx_word' id='word_1_570' title='bbox 1434 2384 1608 2416; x_wconf 78' lang='lat' dir='ltr'>‹Iiscederat;</span> <span class='ocrx_word' id='word_1_571' title='bbox 1624 2387 1650 2409; x_wconf 84' lang='lat' dir='ltr'>at</span> <span class='ocrx_word' id='word_1_572' title='bbox 1666 2391 1729 2410; x_wconf 81' lang='lat' dir='ltr'>vcro</span> <span class='ocrx_word' id='word_1_573' title='bbox 1744 2383 1791 2409; x_wconf 79' lang='lat' dir='ltr'>de-</span> 
     </span>
     <span class='ocr_line' id='line_1_100' title="bbox 1046 2423 1547 2458; baseline 0.002 -9"><span class='ocrx_word' id='word_1_574' title='bbox 1046 2423 1197 2450; x_wconf 76' lang='lat' dir='ltr'>scenderat</span> <span class='ocrx_word' id='word_1_575' title='bbox 1212 2424 1281 2458; x_wconf 68' lang='lat' dir='ltr'>legg.</span> <span class='ocrx_word' id='word_1_576' title='bbox 1302 2425 1401 2451; x_wconf 66' lang='lat' dir='ltr'>Ilaron.</span> <span class='ocrx_word' id='word_1_577' title='bbox 1420 2428 1446 2450; x_wconf 81' lang='lat' dir='ltr'>et</span> <span class='ocrx_word' id='word_1_578' title='bbox 1461 2424 1547 2450; x_wconf 85' lang='lat' dir='ltr'>Labb.</span> 
     </span>
    </p>

    <p class='ocr_par' dir='ltr' id='par_1_28' title="bbox 1047 2468 1789 2543">
     <span class='ocr_line' id='line_1_101' title="bbox 1084 2468 1789 2503; baseline -0.001 -9"><span class='ocrx_word' id='word_1_579' title='bbox 1084 2469 1116 2494; x_wconf 62' lang='lat'>1⁴2</span> <span class='ocrx_word' id='word_1_580' title='bbox 1133 2468 1209 2503; x_wconf 68' lang='lat' dir='ltr'>vulg.</span> <span class='ocrx_word' id='word_1_581' title='bbox 1227 2468 1313 2495; x_wconf 79' lang='lat' dir='ltr'>Galat.</span> <span class='ocrx_word' id='word_1_582' title='bbox 1330 2469 1486 2503; x_wconf 69' lang='grc' dir='ltr'>ιι,1ί,ηο)ι</span> <span class='ocrx_word' id='word_1_583' title='bbox 1504 2472 1578 2496; x_wconf 76' lang='lat' dir='ltr'>recte</span> <span class='ocrx_word' id='word_1_584' title='bbox 1593 2469 1789 2502; x_wconf 79' lang='lat' dir='ltr'>ambularent,</span> 
     </span>
     <span class='ocr_line' id='line_1_102' title="bbox 1047 2509 1389 2543; baseline 0.003 -8"><span class='ocrx_word' id='word_1_585' title='bbox 1047 2512 1074 2535; x_wconf 84' lang='lat' dir='ltr'>ct</span> <span class='ocrx_word' id='word_1_586' title='bbox 1090 2516 1164 2535; x_wconf 79' lang='lat' dir='ltr'>mox:</span> <span class='ocrx_word' id='word_1_587' title='bbox 1182 2509 1247 2536; x_wconf 65' lang='lat' dir='ltr'>diaei</span> <span class='ocrx_word' id='word_1_588' title='bbox 1266 2509 1389 2543; x_wconf 77' lang='lat' dir='ltr'>Cephae.</span> 
     </span>
    </p>

    <p class='ocr_par' dir='ltr' id='par_1_29' title="bbox 1085 2548 1534 2577">
     <span class='ocr_line' id='line_1_103' title="bbox 1085 2548 1534 2577; baseline 0.002 -2"><span class='ocrx_word' id='word_1_589' title='bbox 1085 2549 1116 2575; x_wconf 88' lang='grc'>13</span> <span class='ocrx_word' id='word_1_590' title='bbox 1132 2548 1199 2575; x_wconf 89' lang='lat' dir='ltr'>lbid.</span> <span class='ocrx_word' id='word_1_591' title='bbox 1217 2548 1279 2576; x_wconf 87' lang='lat' dir='ltr'>add.</span> <span class='ocrx_word' id='word_1_592' title='bbox 1296 2552 1320 2577; x_wconf 80' lang='lat' dir='ltr'>et</span> <span class='ocrx_word' id='word_1_593' title='bbox 1337 2558 1393 2576; x_wconf 79' lang='lat' dir='ltr'>non</span> <span class='ocrx_word' id='word_1_594' title='bbox 1412 2549 1534 2577; x_wconf 74' lang='lat' dir='ltr'>iudaice.</span> 
     </span>
    </p>

    <p class='ocr_par' dir='ltr' id='par_1_30' title="bbox 1084 2590 1580 2617">
     <span class='ocr_line' id='line_1_104' title="bbox 1084 2590 1580 2617; baseline 0.002 -2"><span class='ocrx_word' id='word_1_595' title='bbox 1084 2590 1116 2616; x_wconf 64' lang='lat'>14</span> <span class='ocrx_word' id='word_1_596' title='bbox 1132 2590 1207 2616; x_wconf 88' lang='lat' dir='ltr'>Cont.</span> <span class='ocrx_word' id='word_1_597' title='bbox 1226 2590 1317 2616; x_wconf 85' lang='lat' dir='ltr'>Const.</span> <span class='ocrx_word' id='word_1_598' title='bbox 1336 2598 1400 2616; x_wconf 83' lang='lat' dir='ltr'>mss.</span> <span class='ocrx_word' id='word_1_599' title='bbox 1416 2590 1580 2617; x_wconf 75' lang='lat' dir='ltr'>adsistente.</span> 
     </span>
    </p>

    <p class='ocr_par' dir='ltr' id='par_1_31' title="bbox 1046 2628 1790 2698">
     <span class='ocr_line' id='line_1_105' title="bbox 1083 2628 1790 2665; baseline 0.001 -9"><span class='ocrx_word' id='word_1_600' title='bbox 1083 2631 1116 2657; x_wconf 74' lang='lat'>15</span> <span class='ocrx_word' id='word_1_601' title='bbox 1131 2630 1154 2656; x_wconf 87' lang='grc' dir='ltr'>ΙΙ</span> <span class='ocrx_word' id='word_1_602' title='bbox 1170 2629 1291 2657; x_wconf 87' lang='lat' dir='ltr'>Corinth.</span> <span class='ocrx_word' id='word_1_603' title='bbox 1309 2636 1365 2665; x_wconf 81' lang='lat' dir='ltr'>xttt,</span> <span class='ocrx_word' id='word_1_604' title='bbox 1381 2630 1408 2664; x_wconf 85' lang='lat'>8,</span> <span class='ocrx_word' id='word_1_605' title='bbox 1425 2629 1471 2657; x_wconf 86' lang='lat' dir='ltr'>ubi</span> <span class='ocrx_word' id='word_1_606' title='bbox 1488 2629 1572 2665; x_wconf 85' lang='lat' dir='ltr'>legit.:</span> <span class='ocrx_word' id='word_1_607' title='bbox 1595 2628 1731 2658; x_wconf 78' lang='lat' dir='ltr'>adversus</span> <span class='ocrx_word' id='word_1_608' title='bbox 1746 2635 1790 2657; x_wconf 83' lang='lat' dir='ltr'>ve-</span> 
     </span>
     <span class='ocr_line' id='line_1_106' title="bbox 1046 2670 1171 2698; baseline -0.016 0"><span class='ocrx_word' id='word_1_609' title='bbox 1046 2670 1171 2698; x_wconf 75' lang='lat' dir='ltr'>ritatem.</span> 
     </span>
    </p>
   </div>
   <div class='ocr_carea' id='block_1_17' title="bbox 1821 257 1991 287">
    <p class='ocr_par' dir='ltr' id='par_1_32' title="bbox 1821 257 1991 287">
     <span class='ocr_line' id='line_1_107' title="bbox 1821 257 1991 287; baseline 0.012 -3"><span class='ocrx_word' id='word_1_610' title='bbox 1821 258 1871 285; x_wconf 78' lang='lat' dir='ltr'>An.</span> <span class='ocrx_word' id='word_1_611' title='bbox 1893 258 1922 286; x_wconf 93' lang='lat' dir='ltr'>C.</span> <span class='ocrx_word' id='word_1_612' title='bbox 1939 257 1991 287; x_wconf 88' lang='grc'>535</span> 
     </span>
    </p>
   </div>
   <div class='ocr_carea' id='block_1_18' title="bbox 1703 427 1990 506">
    <p class='ocr_par' dir='ltr' id='par_1_33' title="bbox 1703 427 1990 506">
     <span class='ocr_line' id='line_1_108' title="bbox 1763 427 1990 485; baseline 0.009 -11"><span class='ocrx_word' id='word_1_613' title='bbox 1763 468 1768 472; x_wconf 93' lang='grc'>-</span> <span class='ocrx_word' id='word_1_614' title='bbox 1806 427 1990 485; x_wconf 52' lang='lat' dir='ltr'>nonliisegliiiiriiilg:</span> 
     </span>
     <span class='ocr_line' id='line_1_109' title="bbox 1703 467 1952 506; baseline 0.016 -8"><span class='ocrx_word' id='word_1_615' title='bbox 1703 467 1790 506; x_wconf 67' lang='lat' dir='ltr'>Quid</span> <span class='ocrx_word' id='word_1_616' title='bbox 1807 484 1839 502; x_wconf 87' lang='lat' dir='ltr'>tur</span> <span class='ocrx_word' id='word_1_617' title='bbox 1848 483 1952 503; x_wconf 74' lang='lat' dir='ltr'>Ecclesni.</span> 
     </span>
    </p>
   </div>
   <div class='ocr_carea' id='block_1_19' title="bbox 1811 1598 1995 1733">
    <p class='ocr_par' dir='ltr' id='par_1_34' title="bbox 1811 1598 1995 1733">
     <span class='ocr_line' id='line_1_110' title="bbox 1837 1598 1993 1624; baseline 0 -5"><span class='ocrx_word' id='word_1_618' title='bbox 1837 1598 1903 1624; x_wconf 69' lang='lat' dir='ltr'>Negat</span> <span class='ocrx_word' id='word_1_619' title='bbox 1914 1604 1936 1619; x_wconf 75' lang='lat' dir='ltr'>so</span> <span class='ocrx_word' id='word_1_620' title='bbox 1945 1603 1993 1619; x_wconf 75' lang='lat' dir='ltr'>cou-</span> 
     </span>
     <span class='ocr_line' id='line_1_111' title="bbox 1811 1626 1994 1651; baseline -0.005 -5"><span class='ocrx_word' id='word_1_621' title='bbox 1811 1628 1842 1646; x_wconf 82' lang='lat' dir='ltr'>tra</span> <span class='ocrx_word' id='word_1_622' title='bbox 1863 1626 1994 1651; x_wconf 75' lang='lat' dir='ltr'>Stephanum</span> 
     </span>
     <span class='ocr_line' id='line_1_112' title="bbox 1812 1652 1995 1678; baseline 0 -6"><span class='ocrx_word' id='word_1_623' title='bbox 1812 1652 1935 1678; x_wconf 82' lang='lat' dir='ltr'>episcopum</span> <span class='ocrx_word' id='word_1_624' title='bbox 1963 1652 1995 1672; x_wconf 84' lang='lat' dir='ltr'>os-</span> 
     </span>
     <span class='ocr_line' id='line_1_113' title="bbox 1813 1679 1994 1700; baseline 0 -1"><span class='ocrx_word' id='word_1_625' title='bbox 1813 1679 1912 1700; x_wconf 72' lang='lat' dir='ltr'>tensionis</span> <span class='ocrx_word' id='word_1_626' title='bbox 1922 1679 1994 1700; x_wconf 77' lang='lat' dir='ltr'>studio</span> 
     </span>
     <span class='ocr_line' id='line_1_114' title="bbox 1812 1706 1905 1733; baseline -0.011 -6"><span class='ocrx_word' id='word_1_627' title='bbox 1812 1706 1891 1733; x_wconf 81' lang='lat' dir='ltr'>impelli</span> <span class='ocrx_word' id='word_1_628' title='bbox 1900 1713 1905 1731; x_wconf 86' lang='lat'>;</span> 
     </span>
    </p>
   </div>
  </div>
 </body>
</html>
