2244 3183
97 245 152 274 An.
169 245 199 273 C.
215 243 268 273 535

133 733 155 753 ln
165 738 207 754 una
218 732 282 754 Verbi

99 762 120 781 et
143 760 214 781 carnis
234 765 282 785 per-

98 792 151 807 sona
178 786 283 807 indivisae

99 813 185 840 quidem
216 814 284 834 actio-

97 846 146 865 nes,
161 839 199 861 sed
214 841 284 862 diver-

892 243 917 268 S.
944 244 1106 268 AGAPETL'S
1130 246 1140 269 I
1166 246 1216 270 PP.

298 303 357 338 per
374 293 511 336 gratiam
531 293 586 327 Dei
601 292 640 327 de
654 292 721 326 eius
734 291 877 336 potentia
894 291 1037 334 gloriari,
1076 294 1220 336 potentia
1241 305 1306 328 non
1342 305 1374 329 se
1394 295 1555 329 Dominus
1575 296 1661 329 Patri
1681 296 1817 340 profite-

297 347 352 392 qui
385 353 499 381 contra
533 347 658 381 hostem
693 345 827 380 humani
861 346 987 388 generis
1008 346 1038 378 in
1073 354 1164 380 retur
1185 349 1392 392 aequalem⁷;

297 402 403 437 carnis
416 407 545 436 nostrae
569 401 753 435 humilitate
773 411 975 443 congressus,
992 400 1040 433 his

296 456 464 490 victoriam
489 466 580 490 suam
605 454 729 496 tribuit,
750 454 783 488 in
807 465 945 499 quorum
968 464 1039 488 cor-

296 521 376 554 pore
414 509 633 554 triumphavit.
672 508 759 542 Licet
792 519 871 551 ergo
907 508 939 541 in
975 518 1041 541 uno

296 561 457 597 Domino¹
480 562 552 596 Iesu
576 561 724 603 Christo,
759 572 835 596 vero
863 561 918 596 Dei
945 567 1042 606 atquc

297 616 439 650 bominis
456 615 535 657 filio,
549 615 645 649 Verbi
659 621 690 649 et
710 616 816 650 carnis
833 626 891 650 sua
903 626 1042 660 persona

297 669 360 703 sit⁹
384 680 466 714 quae
487 669 748 714 inseparabiliter
779 674 875 714 atque
907 669 1043 703 indivise

297 723 415 758 habeat
434 723 577 758 actiones
594 733 799 764 communes;
816 723 1043 766 intelligendae

298 784 405 812 tamen
431 783 505 812 sunt
529 778 674 822 ipsorum
700 788 835 822 operum
858 777 1040 822 qualitates.

298 832 336 866 Et
347 832 393 866 sic
414 842 508 866 verae
528 832 603 866 fidei
618 832 891 876 contemplatione
909 843 1045 866 cernen—

299 887 377 921 dum
403 893 460 929 est,
484 887 524 921 ad
548 898 631 932 quae
655 886 853 932 provehatur
879 886 1044 920 humilitas

300 941 423 983 carnis,
460 947 490 974 et
514 941 554 974 ad
590 951 673 985 quae
709 940 882 974 inclinetur
908 940 1043 974 altitudo

299 994 448 1028 deitatis:
467 994 545 1039 quid
566 994 616 1035 sit,
644 995 732 1039 quod
753 1005 828 1028 caro
845 994 914 1028 sine
938 994 1044 1028 Verbo

298 1058 364 1082 non
382 1048 466 1091 agit;
494 1054 525 1081 et
550 1048 628 1092 quid
648 1048 687 1081 sit
705 1048 793 1092 quod
812 1048 954 1081 Verbum
975 1047 1043 1081 sine

299 1113 395 1136 carne
409 1113 475 1136 non
490 1102 596 1136 efficit.
613 1102 686 1136 Sine
696 1102 790 1136 Verbi
805 1102 889 1136 enim
900 1102 1044 1146 potentia

299 1166 359 1190 nec
393 1156 579 1201 conciperet
601 1156 713 1199 virgo,
748 1167 805 1189 ner
838 1162 987 1200 pareret3
1016 1162 1046 1190 et

299 1210 368 1243 sine
387 1210 522 1243 veritate
548 1210 653 1243 carnis
681 1210 834 1243 obvoluta
858 1210 973 1253 pannis
991 1210 1042 1242 in-

300 1264 400 1297 fantia
420 1274 486 1297 non
507 1263 668 1297 iaceret³z
689 1263 758 1297 sine
782 1263 876 1296 Verbi
902 1264 1045 1307 potentia

299 1327 365 1351 non
384 1318 558 1351 adorarent
575 1317 655 1360 Magi
670 1328 807 1361 puerum
829 1317 922 1350 stella
939 1317 1045 1350 indice

301 1370 500 1404 declaratum
520 1382 527 1411 3
566 1370 635 1403 sine
668 1370 801 1403 veritate
839 1370 944 1403 carnis
981 1381 1045 1403 non

302 1424 468 1458 iuberetur
483 1423 648 1457 transferri
663 1424 694 1456 in
708 1425 886 1468 Aegyptum
908 1434 999 1468 puer,
1016 1429 1048 1457 et

301 1478 341 1511 ab
359 1477 496 1511 Herodis
520 1477 746 1521 persecutione
771 1477 951 1510 subduci⁴2
978 1478 1047 1511 sine

301 1531 396 1565 Verbi
430 1531 575 1575 potentia
607 1541 673 1564 non
703 1531 826 1564 diceret
855 1541 911 1564 vox
944 1531 1047 1565 Patris

301 1585 398 1619 missa
419 1585 458 1618 de
479 1585 590 1619 coelo:
616 1585 679 1618 Hic
697 1589 741 1618 est
755 1585 866 1618 Filius
880 1596 970 1618 meus
990 1585 1044 1618 di-

303 1638 413 1680 lectus,
425 1639 461 1671 in
475 1649 538 1683 quo
549 1638 633 1672 milti
646 1638 722 1671 bene
735 1638 927 1682 complacui,
941 1639 1047 1683 ipsum

301 1692 457 1733 audite⁵;
478 1698 510 1726 et
526 1692 595 1726 sine
611 1692 745 1726 veritate
766 1692 872 1726 carnis
889 1703 954 1726 non
974 1704 1049 1737 pro-

302 1751 474 1779 testaretur
492 1746 645 1780 Ioannes:
672 1746 750 1780 Ecce
762 1746 879 1790 Aqnus
893 1746 964 1787 Dei,
984 1757 1050 1779 ecce

302 1799 363 1843 qui
388 1799 475 1832 toltit.
508 1803 640 1843 peccata
670 1799 823 1832 mundi&
853 1800 921 1833 sine
953 1799 1049 1833 Verbi

301 1853 688 1897 potentiaredintegratio
702 1864 767 1887 non
780 1854 871 1888 fieret
882 1854 1048 1896 debilium,

303 1912 333 1940 et
352 1907 524 1941 vivificatio
544 1913 765 1949 mortuorum;
783 1915 813 1941 ct
826 1908 894 1941 sine
915 1908 1050 1942 veritate

303 1961 408 1995 carnis
425 1972 485 1995 nec
503 1962 575 1995 cibo
596 1961 716 2003 ieiuno,
738 1972 797 1995 nec
821 1972 954 1995 somnus
968 1968 1050 1995 esset

302 2015 502 2048 necessarius
522 2015 653 2058 fatigato
671 2026 677 2048 :
696 2021 860 2060 postremo
874 2015 942 2048 sine
954 2015 1049 2048 Verbi

340 2122 350 2148 1
370 2121 437 2149 Cod.
454 2122 523 2149 1324
536 2121 598 2149 add.
614 2125 722 2150 nostro.

338 2163 354 2189 Ξ
371 2162 422 2195 ld„
437 2163 549 2190 ettlont.
562 2163 651 2190 Const.
666 2171 729 2190 mss.
746 2167 819 2190 recte
837 2162 921 2191 Verbi
936 2167 962 2191 et
981 2172 1046 2191 car·

302 2199 350 2225 nis
364 2206 417 2225 una
429 2206 555 2233 persona
569 2199 617 2232 sz'c,
633 2199 703 2225 utin
719 2207 763 2234 ep.
780 2199 827 2226 cit.
844 2199 928 2226 Leon.

339 2238 355 2265 3
370 2238 449 2265 quta
463 2238 524 2265 Luc.
541 2246 559 2270 ι,
580 2238 625 2270 35,
647 2242 674 2265 et
688 2245 717 2269 11,
732 2239 773 2265 1⁰2.

339 2277 354 2303 Α
370 2277 439 2304 luxt.
455 2277 600 2310 Mattb.11‚
618 2278 782 2311 11,13,14.

339 2316 355 2343 5
371 2316 464 2343 Mattb.
481 2325 524 2351 111,
546 2318 595 2349 173
616 2322 643 2344 at
666 2318 759 2352 ipsum
782 2320 881 2348 audite
895 2320 1013 2356 supplet.
1035 2328 1049 2347 e

305 2351 368 2378 Luc.
390 2358 427 2385 ix,
447 2353 498 2385 35;
515 2353 541 2379 in
558 2352 617 2380 cod.
642 2353 709 2381 1344
730 2353 816 2381 deest.

339 2392 355 2418 6
372 2392 463 2419 loann.
482 2399 500 2426 1,
515 2393 561 2427 29,
582 2393 628 2420 ubi
647 2393 733 2429 legit:
752 2398 899 2429 peccatum
918 2396 1029 2424 mundi.

338 2433 354 2459 7
370 2433 438 2460 luxt.
466 2433 558 2461 loann.
580 2442 606 2467 x,
632 2434 684 2461 30:
711 2435 770 2470 Eyo
792 2439 817 2463 el
841 2437 930 2464 Pater
955 2445 1049 2464 unum

303 2477 411 2496 sumus.

338 2509 355 2536 8
370 2510 413 2536 Sic
424 2509 485 2537 cod.
500 2510 584 2543 134oe
598 2510 756 2538 concinnius
769 2511 801 2538 ad
812 2515 876 2538 text.
890 2512 1048 2547 loann.x1v‚

303 2543 337 2571 28
363 2545 439 2572 Cont.
465 2546 556 2573 Const.
582 2554 645 2573 mss.
662 2555 724 2574 cum
741 2547 799 2575 cod.
819 2548 886 2574 1344
902 2548 972 2584 legg.
988 2549 1048 2576 Ρα-

306 2583 380 2608 trem
399 2589 427 2609 se
442 2589 497 2609 esse
514 2583 668 2617 maiorem,
685 2582 754 2609 sicut
767 2582 793 2609 in
809 2591 853 2618 ep.
871 2583 915 2610 cit.

340 2620 356 2648 9
374 2630 385 2646 a
395 2621 422 2649 S.
434 2622 504 2658 Aug.
514 2629 686 2658 ep.cxxxv11‚
697 2630 723 2649 n.
734 2624 750 2651 9
760 2632 783 2650 n.
793 2622 870 2650 Cont.
881 2624 973 2652 Const.
984 2633 1047 2652 mss.

342 2665 374 2693 10
388 2665 428 2694 Id.
447 2674 510 2694 cum
525 2666 586 2695 cod.
604 2667 671 2695 1344
687 2667 785 2702 corrig.
806 2667 942 2696 homines.

1729 238 1794 272 523
1856 247 1906 275 An.
1923 247 1953 276 C.
1970 247 2023 276 535

1421 355 1451 383 et
1467 350 1536 384 sine
1556 350 1690 384 veritate
1712 350 1820 384 carnis

1074 410 1139 434 non
1153 401 1237 434 idem
1253 402 1374 436 diceret
1392 404 1486 437 Patre
1500 415 1532 438 se
1545 415 1613 439 esse
1627 405 1815 438 minorem⁸:

1075 465 1147 487 cum
1170 455 1328 488 catholica
1348 456 1427 490 fides
1452 464 1627 502 utrumque
1652 458 1817 502 suscipiat,
1896 469 2021 491 emundes

1074 512 1250 551 utrumque
1267 509 1427 551 defendat,
1449 522 1531 554 quae
1551 512 1729 545 secundum
1745 522 1821 546 con·
1836 497 2021 553 ffiuriiiffiiffimffufss

1075 560 1247 594 sessionem
1262 561 1345 595 beati
1360 563 1442 596 Petri
1457 565 1594 607 apostoli
1616 575 1715 598 unum
1730 565 1820 599 Chri·
1836 549 2021 598 iudissssttissffl'.

1075 620 1173 655 stum,
1193 614 1249 648 Dei
1270 615 1332 648 vivi
1351 615 1466 656 filium,
1484 624 1514 650 et
1534 618 1700 652 hominem
1719 619 1821 653 credit

1077 674 1108 702 et
1127 668 1280 702 Verbum.
1309 669 1451 703 Christus
1479 682 1553 704 vero
1581 672 1664 706 Deus
1689 673 1822 707 noster⁹

1077 721 1120 755 ita
1147 722 1231 755 inter
1262 722 1362 755 Deum
1385 728 1416 755 et
1440 723 1606 758 hominem
1620 724 1643 742 ¹⁰
1664 727 1823 760 mediator
1854 764 1857 766 ,
2009 766 2012 768 ,

1077 776 1238 820 apparuit,
1255 776 1334 809 utin
1348 776 1471 811 unitate
1489 789 1647 822 personae
1665 781 1821 824 copulans
1838 763 2024 817 11ὲόῧῖιῖἒᾶἑέἒῖ

1077 835 1249 874 utramque
1269 835 1418 863 naturam
1435 857 1442 871 ‚
1471 836 1501 864 et
1520 832 1613 865 solita
1633 833 1823 868 sublimaret
1838 819 2023 872 {iizirisqfl‘sspffiiffi

1078 884 1235 924 insolitis,
1264 888 1296 917 et
1320 883 1449 917 insolita
1480 884 1581 918 solitis
1610 891 1817 930 temperaret.
1839 877 1890 892 Μ’

1078 938 1161 978 Quid
1179 938 1303 981 igitur‘?
1317 938 1395 973 Cum
1410 938 1552 972 Christus
1566 939 1606 972 sit
1619 940 1702 974 Deus
1720 947 1751 974 et
1765 941 1824 975 ho-

1080 1002 1145 1033 mo,
1162 992 1309 1036 loquitur
1322 992 1433 1031 homo,
1451 998 1479 1025 et
1495 993 1704 1027 calumniaris
1720 993 1825 1028 Deo¹¹‘?

1079 1046 1136 1079 Ille
1151 1046 1183 1079 in
1198 1057 1231 1080 se
1245 1052 1396 1080 naturam
1411 1047 1618 1080 commendat
1632 1047 1821 1090 humanam,

1081 1106 1112 1134 tu
1135 1100 1166 1133 in
1188 1100 1243 1134 illo
1262 1100 1362 1134 audes
1383 1100 1567 1134 deformare
1586 1100 1744 1134 dirinam‘?
1765 1102 1825 1136 Ge-

1081 1154 1168 1186 mina
1186 1164 1263 1197 ergo
1284 1159 1331 1187 est
1355 1154 1535 1187 substantia
1559 1154 1693 1194 Ctn·isti;
1719 1155 1827 1189 divina

1079 1207 1211 1248 scilicet,
1236 1218 1318 1251 quae
1344 1207 1468 1252 equalis
1489 1213 1536 1241 est
1559 1207 1662 1247 Patri;
1686 1208 1828 1243 bumana

1080 1272 1155 1294 vero
1187 1272 1252 1305 qua
1278 1261 1384 1294 minor
1404 1267 1449 1294 est
1476 1261 1570 1294 Patre
1589 1261 1620 1294 ¹².
1650 1261 1827 1306 Utrumque

1081 1320 1187 1348 autem
1203 1314 1299 1348 simul
1312 1325 1377 1348 non
1392 1314 1467 1355 duo,
1481 1315 1536 1348 sed
1550 1314 1660 1348 unus¹³
1672 1315 1824 1356 Christus,

1081 1379 1120 1402 ne
1151 1368 1192 1402 sit
1222 1368 1444 1412 quaternitas,
1473 1379 1538 1402 non
1567 1369 1702 1409 trinitas,
1731 1370 1823 1403 Deus.

1081 1423 1167 1456 Sicut
1190 1423 1275 1456 enim
1301 1434 1385 1456 unus
1411 1428 1457 1456 est
1483 1423 1581 1457 bomo
1601 1424 1630 1456 in
1649 1424 1757 1457 anima
1775 1435 1827 1456 ra·
1882 1431 2026 1454 stemanima

1083 1476 1193 1510 tionali
1215 1482 1246 1510 et
1271 1476 1412 1517 carne'fi
1441 1477 1487 1509 sic
1513 1488 1595 1510 unus
1621 1482 1667 1510 est
1686 1477 1827 1511 Christus
1843 1461 2026 1523 iioffas'a'iud'gtii'ss}

1081 1531 1164 1564 Deus
1185 1536 1216 1564 et
1236 1530 1351 1564 homo:
1370 1541 1406 1564 ac
1431 1541 1489 1574 per
1502 1530 1564 1564 hoc
1590 1531 1732 1565 Christus
1745 1531 1827 1564 Deus
1843 1514 1976 1561 iiiiiiss'iusss‘u'
1994 1516 2026 1534 ”t

1083 1585 1190 1617 anima
1207 1584 1374 1618 rationalis
1388 1590 1418 1618 et
1432 1595 1520 1625 caro,
1537 1584 1709 1618 Christus¹5
1727 1585 1758 1617 in
1779 1585 1827 1618 his

1083 1639 1245 1672 omnibus.
1260 1639 1420 1673 Christum
1432 1639 1463 1672 in
1472 1639 1608 1682 singulis
1621 1639 1824 1673 confitemur.

1082 1693 1164 1726 Deus
1186 1698 1215 1725 te
1241 1698 1407 1726 convertat
1428 1693 1459 1726 in
1480 1693 1616 1735 bonum,
1645 1693 1764 1733 frater,
1799 1700 1829 1727 ct

1083 1751 1191 1779 rectae
1216 1745 1291 1779 fidei
1317 1757 1466 1780 normam
1488 1752 1518 1780 te
1543 1747 1575 1780 in
1601 1747 1752 1780 omnibus
1777 1753 1825 1780 te-

1083 1811 1172 1842 nere,
1197 1807 1228 1834 et
1249 1801 1367 1834 docere
1385 1801 1552 1835 concedat.
1576 1802 1678 1835 Amen
1700 1801 1730 1834 ¹⁶.

1875 737 1970 758 Clu-istus
1980 743 2023 759 me-

1127 1882 1205 1914 Data
1233 1881 1380 1915 kalendis
1415 1881 1509 1922 Maii,
1540 1881 1717 1915 Iustiniano
1742 1892 1773 1915 iv
1799 1887 1829 1915 et

1083 1934 1249 1968 Tlieodato
1263 1934 1282 1951 ¹⁷
1302 1935 1378 1969 viris
1399 1935 1586 1968 clarissimis
1605 1935 1801 1969 consulibus.

1120 2025 1179 2052 Dat.
1197 2024 1240 2052 die
1254 2026 1267 2052 1
1290 2025 1350 2053 Maii
1366 2034 1429 2053 ann.

1124 2124 1149 2150 11
1174 2124 1340 2159 «Augustin.
1355 2127 1432 2151 tract.
1446 2124 1478 2150 78
1495 2123 1520 2150 in
1538 2123 1641 2157 loann.,
1659 2131 1684 2150 n.
1702 2123 1752 2150 2».
1771 2123 1807 2150 ld.

1122 2168 1154 2194 12
1169 2168 1247 2195 Cont.
1259 2168 1351 2195 Const.
1364 2177 1428 2195 mss.
1443 2168 1502 2195 rod.
1522 2168 1590 2194 1344
1604 2177 1658 2202 qna
1676 2168 1773 2195 masor
1788 2171 1828 2195 est

1085 2204 1183 2231 Paler.

1121 2249 1152 2275 13
1169 2249 1205 2275 ld.
1222 2258 1282 2276 cum
1299 2258 1345 2276 nn.
1364 2249 1442 2276 codd.
1460 2248 1534 2276 addit
1548 2252 1596 2277 es!.

1121 2294 1152 2320 '14
1168 2294 1212 2321 Sic
1223 2293 1412 2326 etcod.13403
1431 2302 1522 2320 verum
1535 2293 1594 2320 cod.
1609 2293 1673 2319 1344
1687 2293 1827 2321 inanima

1084 2335 1226 2362 rationali
1245 2338 1270 2361 et
1287 2342 1372 2365 ουτος
1389 2333 1459 2360 uude
1476 2334 1492 2360 s.
1510 2334 1585 2360 Cont.
1606 2333 1697 2360 (Jonst.
1715 2338 1780 2361 rect.
1794 2334 1827 2360 ad

1085 2378 1201 2402 context.
1219 2374 1318 2408 corrig.
1336 2375 1436 2401 anima
1453 2374 1608 2402 rationalis
1623 2377 1646 2401 et
1662 2382 1738 2401 caro.

1121 2419 1153 2445 15
1164 2419 1311 2446 Christum
1322 2419 1352 2445 rin
1365 2419 1410 2445 his
1421 2418 1564 2452 omnibus,
1575 2418 1720 2446 Christum
1732 2418 1763 2446 in
1772 2418 1828 2445 sin-

1083 2459 1159 2493 qztlis
1175 2460 1357 2494 confitemur.
1375 2459 1417 2485 At.
1436 2467 1496 2485 cum
1512 2467 1557 2485 nn.
1575 2458 1654 2485 codd.

1121 2505 1153 2531 16
1169 2504 1198 2530 In
1215 2503 1275 2530 cod.
1294 2504 1363 2531 ‘1342
1379 2512 1464 2531 amen
1480 2503 1566 2530 deest.

1123 2549 1152 2575 17
1168 2548 1212 2575 Sic
1234 2552 1260 2576 et
1282 2557 1327 2575 nn.
1350 2549 1429 2576 codd.
1455 2561 1466 2572 u
1482 2550 1550 2575 Anu.
1571 2548 1623 2575 534
1648 2549 1744 2575 lustin.
1767 2556 1828 2574 cum

1085 2588 1189 2616 Paulin.
1207 2589 1379 2616 consulatum
1394 2589 1487 2624 gessit,
1500 2597 1549 2615 nec
1560 2588 1619 2615 fasti
1636 2588 1681 2615 ulli
1696 2587 1828 2615 'l'beodati

1084 2637 1181 2656 nomen
1199 2629 1357 2664 praeferunt
1372 2640 1397 2655 ».
1414 2629 1450 2656 Ex
1468 2628 1552 2656 Labb.
1567 2629 1601 2656 ad
1616 2637 1701 2664 marg.
1718 2644 1752 2648 —
1767 2628 1825 2655 Jatr.

1085 2669 1147 2696 huic
1164 2678 1205 2705 ep.
1224 2670 1329 2697 nullum
1344 2678 1406 2697 aun.
1424 2669 1556 2705 adsignat.
