2244 3183
257 189 307 217 An.
327 189 356 217 C.
373 189 424 217 453

293 362 334 382 Lm*
353 359 441 381 Murrin-

257 394 304 408 nmu
324 388 350 408 ab
369 387 442 407 hai—ru-

257 418 346 434 tirurmn
376 412 441 432 inii-«lo

257 440 443 467 Ietnpcl‘.tl·lu1=!iil.

294 1588 310 1609 E
320 1588 403 1609 Maximi
415 1589 447 1609 lit·

259 1616 446 1641 terissibipcrgra·

259 1644 286 1663 tis
302 1642 347 1662 eius
362 1642 446 1668 religio-

261 1674 307 1689 nem
323 1669 399 1693 arguit.

487 179 550 212 Mo

457 344 556 383 Quem
582 354 721 387 superna
747 343 1012 387 inspirationeita
1038 344 1197 377 instruen-
1231 355 1337 377 sermo
1364 345 1482 377 indicat
1507 344 1714 387 nunciorum)
1741 346 1888 380 tenebras
1901 358 1974 381 suas
1989 360 2066 386 plorat.

458 397 533 429 dum
560 407 628 429 osse
657 398 797 437 conlido,
836 403 871 430 ut
895 403 925 430 et
955 397 1124 441 disciplina
1148 398 1197 430 in-
1233 398 1385 441 diligant:
1415 404 1443 431 et
1477 409 1548 431 cum
1580 397 1700 441 ubique
1729 398 1791 431 diei
1823 400 1976 443 splendor

457 450 582 493 quii—tos
608 451 749 483 revocari
767 448 784 491 ¹,
809 456 839 484 et
863 462 880 484 a
905 452 1059 493 sanguine
1085 462 1197 485 corum

458 502 565 534 iuhcat
587 502 755 535 abstineri:
781 502 925 546 quamvis
937 503 1016 536 nihil
1038 503 1197 536 ultionum

458 565 520 587 non
548 562 733 588 mereantur
757 556 876 595 subire,
905 556 958 600 qui
985 557 1051 589 ausi
1070 562 1145 589 sunt
1169 563 1196 589 et

457 607 570 640 divinis
591 613 621 641 et
635 608 783 642 humanis
796 608 1077 642 constitutionibus
1103 620 1198 653 repu-

457 671 566 699 gnare.

502 714 569 746 Dat.
587 720 701 758 quarto
716 725 816 748 nonas
830 715 957 759 Aprilis,
974 714 1121 759 Opilionc
1132 715 1199 748 viro

458 767 635 801 clarissimo
657 769 797 802 consulo.

494 829 552 856 Dat.
569 829 612 857 die
626 830 641 857 Ξ
659 830 769 866 Aprilis,
785 839 829 858 an.
853 831 912 859 453.

636 1009 819 1043 EPISTOLA
839 1010 985 1043 LXXVIII
998 1009 1019 1042 ².

459 1106 601 1139 Maximi
629 1105 693 1149 fide
720 1106 870 1147 laudata,
901 1117 974 1139 eum
999 1106 1201 1139 veliementer

504 1164 666 1205 horta-(ur,
677 1169 713 1197 ut
722 1164 916 1198 catholicam
926 1164 1108 1197 doctrinam
1118 1168 1202 1197 tuea-

505 1226 567 1258 tur.
584 1233 620 1254 cte
632 1222 771 1255 Nicaem'
781 1222 913 1255 concilii
925 1223 1057 1255 statutis
1066 1223 1199 1256 innixus

502 1279 580 1311 iura
591 1280 814 1312 Antv'oclzenae
826 1279 910 1313 seclis
924 1280 963 1312 ab
973 1280 1125 1313 Anatolii
1136 1291 1202 1313 am-

507 1337 626 1370 hittone
643 1337 795 1381 impetita
813 1342 942 1371 strenue
963 1338 1123 1381 defendat.

610 1435 666 1464 Leo
683 1436 809 1464 Maximo
828 1437 1014 1465 Antiocheno
1026 1440 1047 1463 2³.

504 1526 576 1560 ΟΜ).
593 1527 614 1560 1.
632 1526 793 1566 Quantum
811 1527 975 1561 dilectioni
993 1533 1065 1561 tuae
1077 1528 1202 1571 placeat

461 1580 642 1614 communis
656 1580 729 1614 fidei
750 1581 965 1614 sacratissima
984 1581 1090 1614 unitas
1103 1586 1135 1614 et
1147 1592 1202 1627 pa-

461 1632 504 1666 cis
518 1633 751 1667 ecclesiasticae
766 1634 939 1678 tranquilla
951 1634 1135 1675 concordia,
1145 1634 1203 1667 ·lit-

461 1691 602 1719 terarum
624 1692 749 1720 tuarum
764 1687 888 1721 “textus
899 1688 1047 1729 ostendit,
1072 1698 1150 1732 quas
1163 1689 1202 1721 ad

460 1750 512 1773 me
537 1740 594 1772 filii
625 1741 726 1774 nostri
757 1741 916 1775 Marianus
943 1742 953 1757 ⁵
981 1742 1148 1786 presbyter
1172 1748 1203 1775 et

460 1792 624 1838 Olympius
645 1790 799 1828 diaconus
823 1795 1019 1835 detulerunt,
1047 1806 1084 1828 eo
1109 1795 1202 1829 nobis

460 1848 628 1890 gratiores,
653 1848 741 1892 quod
761 1842 819 1892 per
839 1848 923 1892 ipsas
942 1849 952 1865 ὅ
976 1849 1119 1893 alloquia
1135 1849 1144 1865 ⁷
1157 1849 1201 1882 al-

461 1906 551 1934 terna
576 1901 759 1942 miscemus,
776 1902 943 1944 et⁸1nagis
965 1903 1132 1946 magisque
1153 1902 1201 1935 in-

459 1955 596 1988 notescit
614 1956 624 1971 ⁹
646 1955 748 1998 gratia
758 1955 825 1997 Dei,
842 1966 906 2000 qua
919 1956 964 1997 fit,
980 1961 1015 1989 ut
1027 1967 1085 2000 per
1100 1962 1199 1990 totum

460 2009 620 2042 mundum
641 2009 681 2042 de
702 2009 905 2043 manifestato
920 2008 942 2027 ¹⁰
954 2009 1131 2044 catholicae
1149 2021 1200 2044 ve-

496 2117 510 2143 1
535 2126 548 2140 «
568 2116 626 2143 Vet.
644 2116 708 2143 edit.
726 2117 796 2144 male
811 2124 945 2145 revocare
961 2127 988 2144 n.
1005 2116 1133 2144 Ballerin¹
1151 2117 1200 2144 l.c.

494 2157 510 2184 Ξ
526 2157 563 2218 ΕΞ
583 2156 647 2184 edit.
665 2156 791 2184 Ballerin.
815 2157 886 2192 Opp.
912 2157 941 2184 S.
966 2156 1068 2184 Leonis
1090 2159 1154 2184 tom.
1181 2164 1200 2191 1,

460 2193 512 2221 col.
530 2194 540 2220 1
568 2193 609 2219 12.

494 2234 511 2260 3
525 2233 644 2260 Caeciar.
668 2234 737 2268 Opp.
759 2233 789 2260 S.
814 2233 914 2260 Leonis
929 2236 999 2268 part.
1026 2239 1053 2266 11,
1071 2241 1131 2268 pag.
1148 2232 1198 2259 357

460 2277 520 2296 cum
536 2269 570 2295 al.
587 2269 686 2303 vulgat.
704 2270 757 2296 L‘eo
784 2269 941 2296 catholicae
958 2269 1104 2295 Ecclesiae
1127 2268 1200 2302 Epi-

458 2312 557 2339 scopus
572 2305 697 2331 Maximo
720 2304 869 2332 carissimo
892 2305 980 2338 fralrz'
1001 2305 1139 2339 Episcopo
1154 2312 1201 2330 sa-

460 2342 555 2368 lule-m.

494 2381 510 2407 4
527 2390 538 2406 ι
555 2380 622 2407 Tres
637 2379 715 2407 codd.
732 2379 823 2406 delent
837 2382 991 2406 tuarum».
1005 2378 1125 2406 Caeciar.
1142 2378 1159 2405 l.
1177 2387 1199 2405 c.

494 2421 511 2446 5
530 2430 542 2444 «
558 2420 599 2447 ΑΙ.
616 2421 763 2452 Marian
781 2419 815 2446 al.
836 2420 1041 2451 Marinianus3
1058 2418 1093 2446 al.
1123 2419 1202 2447 Mar-

460 2456 594 2484 tinianus
606 2465 632 2482 ».
649 2455 779 2482 Ballerin.
795 2458 822 2481 et
837 2454 954 2481 Caeciar.
972 2454 1000 2481 tl.
1018 2462 1057 2481 cc.

494 2496 511 2522 6
527 2504 539 2521 α
557 2495 595 2522 ΑΙ.
608 2504 664 2530 per
677 2496 750 2530 ipsos
764 2505 791 2522 >›.
807 2495 934 2521 Ballerin.
951 2498 978 2522 et
993 2493 1109 2522 Cacciar.
1122 2494 1200 2521 ll.cc.

459 2531 553 2567 Aptius
564 2530 597 2558 ad
613 2539 686 2558 sens.
705 2530 784 2558 videt.
801 2538 828 2556 n.
845 2530 934 2558 lectio.

495 2568 508 2594 7
528 2577 541 2592 «
555 2566 596 2593 Al.
613 2567 727 2601 eloquia
747 2575 770 2593 ι.
786 2565 913 2593 Ballerin.
929 2566 947 2592 l.
965 2574 988 2593 c.

493 2602 510 2629 8
529 2613 541 2628 κ
554 2601 618 2630 Cod.
633 2601 738 2638 Ratisp.
755 2604 787 2630 ut
801 2612 828 2630 n.
843 2601 972 2630 Ballerin.
991 2601 1008 2628 l.
1027 2609 1051 2628 c.

983 188 1143 213 APPENDIX
1164 187 1314 213 RULLAnn
1334 188 1453 213 nonam

455 237 666 271 stianissimus
683 242 712 270 et
728 236 890 280 piissimus
904 236 1089 281 imperator,
1107 237 1194 280 quod
1230 237 1330 270 ritatis
1356 237 1476 270 lumine
1497 237 1684 280 gaudeatur.
1708 237 1868 280 Quamvis,
1886 241 1973 284 quod

457 291 526 334 paci
553 290 785 324 ecclesiasticae
812 290 960 333 intelligit
977 291 1192 334 profuturum.
1232 291 1367 324 multum
1401 291 1572 331 dolemus,
1598 290 1729 334 quidam
1753 292 1859 326 adhuc
1880 293 1975 336 (sieut
2016 307 2173 330 usamentum
2192 290 2232 329 ’ἶῖ

1199 842 1201 844 -
1234 824 1341 868 aliqua
1366 835 1478 858 corum
1494 825 1612 858 salsitas
1623 830 1738 869 potest,
1756 825 1831 869 quia
1844 825 1904 869 ipsi
1917 825 1977 859 sibi

2007 185 2058 219 Aa.
2072 191 2100 219 C.
2121 184 2176 221 653

2190 258 2217 283 ,ρ

1989 333 2127 359 pertinacinm
2138 333 2173 355 ds·
2215 350 2233 359 .,

1233 457 1359 484 exortus
1385 451 1445 488 sit,
1480 451 1575 484 etiam
1602 461 1688 484 nunc
1713 452 1875 486 caecitatis
1899 464 1976 487 suae

1233 505 1431 537 ‹lulectenmr
1457 505 1606 541 obscuro,
1635 505 1805 549 etperdita
1818 506 1892 547 fide,
1907 508 1976 541 solo

1233 569 1267 590 av
1294 568 1392 591 racuo
1419 558 1549 591 nomine
1571 559 1974 602 remanserintchristiani,

1232 622 1296 644 non
1318 611 1473 644 hahentes
1494 611 1757 654 intelligentiam,
1792 624 1855 656 qua
1887 624 1977 647 erro-

1235 675 1300 697 rem
1316 665 1355 697 al»
1367 675 1476 697 errore
1489 664 1684 703 discernant,
1698 670 1729 698 et
1743 665 1977 709 blasphemiam

1234 718 1369 751 Nestorii
1409 718 1448 751 ab
1488 718 1637 762 Eutychis
1666 718 1832 762 impietate
1863 719 1978 753 distin—

1233 777 1341 813 guant.
1366 772 1429 805 Nec
1454 771 1538 805 enim
1565 771 1637 805 idco
1662 772 1853 806 excusabilis
1877 772 1977 807 videri

1233 883 1306 911 sunt
1331 877 1362 910 iu
1391 889 1448 911 sua
1471 878 1681 922 perversitate
1706 878 1869 912 contrarii.
1897 879 1976 912 Nam

1234 931 1308 964 licet
1320 930 1338 948 ¹¹
1351 931 1533 965 Nestorium
1552 931 1702 976 Eutychis
1719 931 1869 975 discipuli
1890 932 1978 966 dete—
1993 942 2113 991 exempla
2126 928 2192 996 mg*

1233 991 1366 1026 stentur‚
1395 991 1426 1019 et
1449 985 1611 1030 Eutychen
1634 985 1906 1019 anathematizent
1918 986 1978 1019 Ne·
1992 995 2194 1034 Nestoi-iussim„

1234 1039 1324 1072 storii
1337 1045 1526 1080 sectatores3
1549 1040 1787 1073 Catholicorum
1814 1045 1919 1073 tamen
1930 1039 1978 1073 iu·
1993 1022 2178 1072 iyai‘i'i'rssariiiiiim‘
2193 1038 2196 1042 ”

1234 1092 1318 1125 dicio
1343 1104 1417 1136 pars
1437 1098 1575 1137 utraque
1600 1094 1782 1134 damnatur,
1808 1098 1839 1126 et
1863 1093 1978 1126 ambae

1234 1145 1329 1179 simul
1351 1146 1499 1179 haereses
1524 1158 1542 1179 a
1567 1157 1704 1190 corpore
1717 1146 1878 1180 Ecclesiae
1891 1157 1977 1180 rese-

1234 1205 1363 1239 canton,
1380 1199 1455 1242 quia
1468 1205 1581 1233 neutra
1595 1199 1715 1232 salsitas
1735 1199 1905 1232 nobiscum
1920 1210 1978 1243 po-

1235 1258 1295 1286 test
1308 1253 1427 1286 habere
1441 1253 1660 1286 concordiam.
1676 1254 1739 1286 Nec
1753 1253 1895 1294 interest,
1913 1263 1977 1297 quo
2019 1261 2108 1289 uirique
2128 1261 2178 1282 ¹ie⁰⁸

1992 1288 2070 1310 eri-oris
2106 1288 2178 1314 speeie
2196 1303 2197 1306 ,

1234 1306 1404 1348 sacrilegio
1424 1307 1464 1339 ab
1484 1306 1716 1340 lucarnationis
1730 1306 1912 1340 dominicae
1923 1317 1977 1340 ve-
1991 1314 2178 1364 gicsgffinffggsmffi

1235 1359 1327 1393 ritate
1352 1360 1552 1401 discordent,
1584 1371 1655 1393 cum
1671 1360 1714 1401 id,
1742 1360 1829 1404 quod
1854 1370 1976 1404 pravis·
1992 1374 2081 1396 corporo
2093 1367 2177 1389 rescissi

1234 1413 1314 1447 sime
1334 1414 1493 1455 sentiunt,
1523 1424 1583 1447 nec
1608 1414 1781 1447 auctoritas
1800 1413 1974 1457 Evangelii,

1236 1477 1294 1501 nee
1315 1467 1396 1501 ratio
1416 1467 1569 1511 suscipiat
1588 1466 1609 1484 ¹²
1629 1467 1834 1501 sacramenti.

1279 1521 1351 1554 CAP.
1375 1521 1410 1554 ΙΙ.
1428 1520 1559 1561 Etideo,
1575 1520 1674 1553 frater
1687 1520 1863 1561 carissime,
1881 1530 1977 1564 opor·
1990 1527 2177 1581 pineaqufflffiiffi

1236 1579 1280 1606 tct
1304 1573 1510 1607 dilectionem
1536 1579 1623 1606 tuam
1646 1579 1713 1607 toto
1735 1573 1831 1607 corde
1853 1583 1977 1617 perspi·
1991 1580 2177 1630 pafficidffiiuiougi-
2231 1584 2235 1615 3

1237 1637 1308 1660 cere
1328 1625 1358 1668 ¹³¹,
1393 1627 1484 1660 cuius
1514 1626 1674 1660 Ecclesiae
1699 1625 1927 1669 gubernaculis
1948 1631 1977 1660 te
2078 1624 2082 1629 '
2190 1632 2192 1634 ’

1236 1681 1389 1714 Dominus
1414 1681 1557 1714 voluerit
1575 1680 1771 1725 praesidere,
1789 1680 1899 1713 eteius
1912 1690 1978 1713 me-

1238 1734 1367 1768 minisse
1393 1735 1568 1774 doctrinae,
1586 1745 1682 1779 quam
1696 1734 1890 1778 praecipuus
1902 1744 1978 1778 apo-

1236 1789 1390 1822 stolorum
1404 1789 1548 1822 omnium
1563 1788 1768 1822 beatissimus
1780 1788 1979 1832 Petrus‚·per

1237 1847 1337 1875 totum
1354 1842 1485 1885 quidem
1500 1842 1659 1875 mundum
1677 1841 1830 1875 uniformi
1850 1840 1978 1885 praedi-

1236 1895 1372 1936 catione,
1394 1893 1477 1928 sed¹³
1493 1895 1625 1939 speciali
1638 1893 1851 1938 magisterio¹⁵
1867 1894 1900 1927 in
1915 1895 1978 1928 An-

1238 1949 1385 1983 tiocliena
1399 1955 1425 1983 et
1441 1950 1585 1983 Romana
1595 1948 1616 1965 ¹⁶
1629 1949 1709 1982 urbe
1722 1948 1876 1982 fundavit:
1892 1953 1928 1981 ut
1941 1948 1978 1981 il-

1237 2004 1301 2036 lum
1312 2003 1343 2036 in
1355 2013 1430 2036 suae
1439 2002 1683 2046 glorificationis
1693 2002 1857 2036 domicilio
1866 2012 1978 2047 praee-

1270 2110 1287 2136 9
1303 2110 1422 2137 Cachar.
1439 2109 1456 2137 l.
1475 2118 1498 2137 e.
1514 2118 1575 2137 cum
1593 2110 1628 2137 al.
1649 2110 1841 2138 innotesceret.
1857 2107 1924 2136 Male
1944 2108 1978 2136 ad

1236 2149 1365 2178 context„
1381 2145 1420 2172 uti
1436 2145 1552 2172 videtur.

1273 2182 1305 2207 10
1323 2191 1334 2207 «
1351 2181 1409 2208 Vet.
1426 2181 1490 2208 edit.
1506 2181 1659 2215 manifesto
1677 2190 1701 2208 ›.
1718 2180 1843 2208 Ballerin.
1863 2180 1883 2207 l.
1900 2188 1924 2207 c.

1273 2223 1300 2248 11
1320 2221 1439 2249 Caeciar.
1456 2230 1516 2249 cum
1533 2221 1568 2248 al.
1584 2222 1662 2249 Nam
1681 2229 1756 2249 cum.
1777 2220 1847 2256 Met,
1867 2223 1896 2248 ut
1919 2219 1979 2256 opi-

1237 2265 1294 2291 nor,
1312 2266 1338 2284 n.
1355 2257 1444 2284 lectio.

1273 2296 1304 2323 12
1320 2296 1437 2324 Cacciar.
1454 2297 1471 2324 l.
1485 2305 1508 2324 c¹
1526 2305 1586 2324 cum
1602 2296 1637 2324 al.
1655 2297 1794 2332 recipiam
1811 2296 1845 2324 al.
1862 2303 1912 2324 nec
1925 2303 1979 2323 au-

1235 2333 1353 2360 ctoritas
1378 2333 1530 2367 Euanyelii
1554 2333 1669 2365 habeat,
1700 2341 1753 2360 nec
1775 2333 1851 2360 ratio
1875 2339 1976 2359 sacra-

1236 2368 1336 2396 menti.
1355 2367 1410 2395 Vid.
1433 2368 1557 2395 Ballerin.
1574 2368 1624 2395 col.
1643 2368 1721 2395 1213.

1272 2408 1304 2435 13
1321 2407 1361 2435 ΛΙ.
1378 2408 1438 2435 cod.
1448 2409 1594 2443 praescire
1604 2411 1650 2435 aut
1661 2408 1826 2443 prospicere
1836 2417 1860 2434 ».
1876 2406 1977 2435 Baller.

1236 2448 1262 2471 et
1277 2443 1395 2470 Caceiar.
1412 2443 1440 2470 ll.
1462 2452 1501 2470 cc.
1519 2443 1600 2471 Recte
1617 2444 1727 2480 quidem
1741 2452 1768 2470 n.
1785 2443 1874 2471 lectio.

1270 2484 1305 2510 14
1319 2483 1438 2510 Cacciar.
1457 2492 1518 2519 pag.
1535 2484 1587 2512 358
1601 2486 1627 2511 ec
1644 2492 1691 2519 pro
1702 2484 1756 2511 sed.
1772 2483 1831 2511 Mel.
1847 2492 1872 2510 n.
1885 2482 1976 2510 lectio.

1272 2525 1303 2551 15
1321 2535 1331 2549 ι(
1349 2524 1389 2551 Al.
1405 2525 1568 2553 ministerio
1587 2534 1609 2551 ».
1632 2523 1761 2552 Ballerin.
1785 2523 1803 2551 l.
1825 2531 1848 2550 c.
1869 2522 1976 2556 Melius,

1235 2560 1340 2596 opinor,
1356 2568 1384 2587 n.
1398 2559 1489 2587 lectio.

1269 2600 1303 2628 16
1318 2599 1438 2628 Caeciar.
1455 2600 1473 2627 l.
1491 2608 1515 2628 c.
1532 2608 1593 2628 cum
1608 2600 1642 2627 al.
1657 2599 1689 2628 in
1704 2599 1842 2628 Romana.
