2244 3183
221 208 269 234 An.
292 206 320 234 C.
338 206 390 234 534

231 428 402 449 flaeesteonis

219 459 240 475 et
255 457 347 481 quatuor
367 461 401 475 uc·

217 487 300 502 cumen.
321 482 400 508 Synna.

216 509 334 530 firmissima
343 508 401 529 tides.

265 1068 401 1087 Acuemctcn·

216 1099 250 1114 ses
261 1094 359 1114 monachi
370 1096 401 1114 ut-

216 1123 264 1145 pote
281 1120 400 1140 Nestnriuni

215 1147 400 1172 p=¹t>r=usevitzitiili

454 196 518 231 500

418 266 477 289 nec
498 255 726 289 confundimus
743 254 872 288 casdem
892 254 999 288 unitas
1016 260 1158 295 naturaS,

419 319 491 342 cum
514 319 610 342 unam
629 318 800 352 personam
821 307 935 341 Christi
954 307 1158 348 confitemur,

418 370 452 397 ut
476 363 633 408 Eutyches
656 363 775 407 impius
793 362 905 396 credit.
926 363 1063 396 Tomum
1084 372 1160 394 vero

417 428 520 461 papae
539 417 653 450 Leonis
669 416 689 457 ¹,
713 426 892 460 omnesque
914 416 1078 460 epistolaS,
1103 425 1161 447 nce

417 481 482 504 non
507 476 537 503 ct
568 477 708 514 quatuor
738 470 899 514 synodos,
934 469 1105 503 Nicaenam
1132 473 1162 501 et

416 524 817 568 Constantinopolitanam‚
838 529 867 556 et
881 523 1075 567 Ephesinam
1096 521 1162 567 pri-

416 590 513 620 mam,
538 585 569 612 et
586 578 894 619 Chalcedonensem,
915 577 999 611 sicut
1013 577 1160 610 Romana

415 633 569 666 hactenus
593 632 735 676 suscepit
759 638 791 665 et
810 637 984 665 veneratur
1003 631 1156 673 Ecclesia,

413 686 591 730 sequimur,
613 686 842 730 amplectimur
860 692 956 729 atque
980 696 1155 719 servamus.

414 739 480 772 Hoc
498 745 544 772 est
558 739 644 772 enim
663 745 792 772 nostrae
810 738 884 772 fidei
899 738 1155 779 firmamentum,

414 792 493 826 haec
511 793 586 826 fidei
599 799 728 827 nostrae
741 799 833 837 petra
853 792 1049 826 firmissima.
1074 793 1159 825 Haec

414 852 543 888 autem,
568 847 708 880 illustres
737 852 767 879 ct
792 845 924 889 magni³
944 846 1014 887 filii,
1038 846 1160 889 agens³

414 899 533 943 gratias
546 899 756 933 sollicitudini
771 905 895 933 vestrae
908 900 916 916 '¹
937 899 1087 933 intimare
1105 910 1160 933 cu-

415 954 574 995 ravimus;
604 954 731 997 plenius
759 959 868 987 tamen
897 953 1027 987 directis
1047 964 1157 986 exem-

416 1008 560 1052 plaribus
577 1007 724 1052 poteritis
742 1017 928 1050 agnoscere.
949 1008 1138 1040 Acoemetas

417 1072 504 1103 vero,
536 1062 591 1105 qui
616 1072 649 1095 se
677 1062 854 1095 monachos
875 1061 997 1102 dicunt,
1021 1060 1075 1104 qui
1093 1061 1157 1093 Ne-

416 1115 550 1149 storiani
572 1115 737 1149 evidenter
757 1120 988 1159 apparuerunt,
1016 1115 1161 1148 Romana

417 1168 512 1202 ctiam
532 1178 587 1202 eos
607 1168 737 1201 damnat
757 1168 909 1209 Ecclesia,
932 1178 949 1200 a
970 1168 1088 1212 quibus
1105 1178 1160 1201 vos

415 1212 549 1266 propter
574 1232 732 1255 canonem
745 1222 765 1261 ἢ,
790 1220 847 1264 qui
868 1231 940 1254 cum
966 1231 1155 1254 excommu-

413 1275 530 1308 nicatis
547 1275 759 1308 christianum
780 1285 840 1308 nec
859 1274 961 1318 loqui,
985 1285 1044 1308 nec
1065 1285 1156 1308 com-

414 1327 581 1360 municare
606 1327 782 1371 permittit,
815 1327 981 1370 diligentia
1005 1328 1159 1372 pastorali

413 1382 589 1414 admonere
618 1391 684 1414 non
705 1380 835 1422 desino,
866 1386 901 1413 ut
926 1391 1040 1414 eorum
1062 1382 1158 1415 etiam

412 1434 593 1478 simplicem
616 1434 867 1468 collocutionem
881 1434 996 1476 vitetis,
1013 1435 1160 1480 nihilque

413 1488 503 1522 vohis
524 1498 597 1521 cum
622 1488 667 1521 eis
687 1488 863 1521 aestimetis
884 1498 952 1522 esse
970 1499 1155 1522 commune.

413 1541 505 1581 Quod
525 1542 598 1575 ideo
617 1542 711 1583 facio,
728 1552 855 1575 nereus
867 1542 985 1575 silentii
998 1542 1155 1585 inveniar,

413 1594 439 1627 si
459 1595 540 1628 haec
561 1595 601 1628 ad
620 1601 759 1628 vestram
781 1595 927 1636 minime,
951 1595 1156 1629 christianis-

413 1648 486 1683 simi
515 1648 595 1690 filii,
619 1649 766 1683 notitiam
786 1649 1003 1694 pertulissem.
1027 1650 1156 1683 Incolu-

415 1714 499 1736 mem
522 1703 779 1746 magnitudinem
798 1709 935 1737 vestram
954 1704 1037 1737 Deus
1050 1710 1159 1738 noster

415 1757 595 1799 custodiat,
629 1757 758 1791 Domini
779 1757 848 1799 filii,
880 1757 996 1792 merito
1018 1757 1159 1792 illustres

416 1816 513 1856 atque
536 1812 712 1855 magnifici.

636 1982 824 2017 EPISTOLA
860 1982 899 2016 III
912 1983 932 2016 ⁷.

418 2082 698 2117 Contumeliosum
707 2082 875 2116 Reiensem
884 2071 1069 2126 episcopum
1077 2091 1131 2114 mu
1138 2080 1160 2114 l-

462 2137 502 2169 tis
514 2136 711 2170 criminibus
722 2135 909 2170 involutum
921 2135 959 2169 ab
973 2135 1159 2179 episcopatu

452 2234 463 2260 1
488 2243 500 2260 ι
515 2234 606 2261 Innuit
621 2242 664 2270 ep.
681 2233 714 2261 ad
729 2233 849 2261 Flavian.
865 2244 891 2261 ».
913 2233 991 2261 Com.
1013 2232 1104 2260 Const.

450 2275 467 2300 2
488 2283 501 2299 (ι
513 2274 663 2310 Maynifici
676 2285 703 2301 ».
721 2274 817 2302 Baron.

450 2314 467 2340 3
491 2315 670 2349 «Aqentes».
694 2314 733 2342 ld.
754 2323 823 2350 quae
847 2322 897 2342 vox
924 2322 988 2342 sane
1014 2313 1160 2350 respondet

416 2350 528 2385 subseq.
550 2350 633 2377 verbo
653 2351 832 2378 ctu-avimus.

451 2390 467 2416 4
488 2390 527 2416 ld.
545 2392 572 2417 et
586 2389 674 2417 Caras.
692 2390 735 2417 hic
749 2390 916 2418 interiiciunt
927 2399 1033 2425 pauca.

451 2429 468 2456 5
488 2429 577 2456 Caras.
597 2429 651 2464 leg.
667 2430 845 2464 Aquimz'tos;
863 2430 959 2457 Baron.
976 2430 1063 2457 omitt.
1080 2438 1156 2457 vero.

451 2470 468 2496 6
492 2470 642 2504 «Propter
656 2470 808 2503 canonica,
825 2478 935 2504 quae».
955 2470 1032 2498 Cont.
1048 2470 1138 2497 Const.

453 2509 466 2536 7
483 2508 521 2535 Ex
537 2509 622 2536 Labb.
646 2509 756 2536 Concil.
772 2510 881 2537 collect.
895 2514 960 2537 tom.
978 2517 1005 2544 v,
1021 2510 1072 2537 col.
1090 2510 1157 2542 899;

417 2548 444 2571 et
459 2552 490 2572 ex
506 2544 603 2572 Baron.
628 2553 691 2571 ann.
714 2544 765 2572 5374
787 2553 814 2572 n.
837 2552 922 2572 ,x'Lvin
942 2546 988 2581 qui
1008 2553 1067 2573 eam
1083 2545 1156 2580 dicit,

418 2588 479 2607 cuni
489 2580 541 2607 alia
552 2588 633 2615 quam
648 2580 718 2607 infra
731 2580 856 2616 ponimus
867 2581 999 2616 quintam,
1012 2590 1043 2610 ex
1055 2581 1156 2610 Arelat.

418 2615 519 2642 archiv.
537 2615 733 2652 depromptam.

943 207 1104 231 APPENDIX
1125 206 1275 229 BULLARII
1296 206 1417 230 ROMANI

1969 204 2020 232 An.
2039 204 2068 232 c.
2083 205 2137 234 534
2183 187 2187 193 ’
2205 190 2226 234 ’Ϊ

1240 263 1407 286 removens
1423 254 1459 286 iu
1476 253 1711 286 monasterium
1739 253 1885 298 relevum
1909 255 1939 287 ei
2186 259 2191 267 ⁴

1238 307 1451 347 visitatorem,
1468 306 1561 339 cuius
1578 306 1840 341 iurisdictionem
1854 318 1938 341 coer-

1240 364 1300 399 cet,
1334 359 1600 393 substituendum
1628 359 1792 402 decerm't;
1820 360 1939 404 quidve

1239 414 1306 456 ipsi
1313 413 1355 446 ad
1364 414 1462 456 poeni
1466 414 1598 447 tentiam
1614 414 1656 447 sit
1669 414 1834 458 ayeudum
1845 424 1939 457 prae-

1240 468 1364 501 scribit.

1195 559 1406 587 Dilectissimis
1427 560 1593 588 fratribus²³
1613 560 1764 587 universis
1785 559 1938 594 episcopis

1300 622 1353 649 per
1370 615 1480 642 Gallias
1497 614 1676 643 constitutis
1691 615 1832 642 Ioannes.

1238 684 1832 719 lnnotuitnobisasraternitatevestra
1841 685 1939 719 missa

1194 738 1321 780 relatio,
1345 738 1377 771 in
1395 749 1459 783 qua
1476 738 1738 773 Contumeliosus
1763 738 1873 773 multis
1893 739 1939 772 le·
1952 745 2040 767 sterium
2050 745 2138 772 retegat-

1193 793 1280 835 gitur
1308 792 1500 826 criminibus
1529 792 1702 826 involutus.
1725 792 1763 826 Et
1783 792 1861 837 quia
1879 792 1939 826 hu-

1194 846 1334 880 iusmodi
1354 857 1493 890 persona
1513 846 1612 880 sacris
1623 857 1689 880 non
1706 851 1813 891 potest
1828 846 1940 880 inhae-

1193 910 1265 933 rere
1290 899 1460 944 mysteriis,
1486 900 1526 933 ab
1546 899 1707 934 hodierno
1732 900 1779 934 vel
1805 899 1913 933 officio
1929 899 1940 916 ⁹

1195 964 1268 987 eum
1284 959 1393 987 nostra
1407 959 1515 988 censet
1532 964 1701 987 removere
1709 952 1732 971 ¹⁰
1749 953 1936 995 auctoritas,

1194 1013 1229 1041 ut
1249 1008 1280 1041 in
1302 1007 1500 1041 monasterio
1529 1008 1721 1042 constitutus
1745 1008 1854 1042 delicti
1880 1018 1936 1041 ve-

1194 1061 1280 1094 niam
1297 1072 1314 1094 a
1327 1061 1464 1094 Domino
1485 1068 1595 1105 petere
1615 1072 1680 1095 non
1695 1061 1832 1095 omittat.
1854 1061 1940 1094 Nihil

1195 1120 1238 1147 cst
1254 1115 1339 1147 enim
1353 1114 1552 1158 impossibile
1571 1115 1639 1148 eius
1657 1108 1859 1154 clementiae,
1884 1114 1940 1158 qui

1194 1172 1300 1211 potest
1327 1174 1443 1201 cuncta
1468 1168 1624 1207 relaxare,
1648 1178 1731 1212 quae
1751 1168 1834 1202 sacta
1850 1174 1935 1202 sunt.

1193 1220 1255 1254 Sed
1278 1231 1317 1254 ne
1346 1221 1414 1254 eius
1441 1221 1583 1255 Ecclesia
1604 1221 1757 1255 destituta
1777 1221 1935 1264 videatur,

1195 1274 1227 1306 in
1254 1274 1324 1307 eius
1351 1275 1423 1307 loco
1448 1274 1647 1308 visitatorem
1676 1275 1747 1308 dari
1774 1275 1938 1319 praesenti

1194 1328 1386 1361 auctoritate
1407 1328 1623 1370 decernimus,
1644 1328 1700 1373 qui
1721 1339 1738 1361 a
1758 1339 1791 1362 se
1815 1329 1860 1362 ita
1880 1339 1939 1363 no-

1194 1381 1272 1415 verit
1299 1382 1411 1415 onmia
1430 1382 1630 1423 exhibenda,
1657 1388 1691 1416 ut
1716 1383 1798 1416 nihil
1822 1384 1862 1417 de
1887 1394 1939 1418 or-

1194 1435 1324 1468 dinibus
1345 1435 1551 1476 clericorum,
1574 1435 1656 1468 nihil
1670 1436 1709 1469 de
1723 1436 1940 1470 ecclesiastica

1194 1488 1346 1522 facultate
1378 1494 1579 1532 praesumat,
1614 1489 1671 1522 sed
1695 1499 1752 1530 ea,
1787 1500 1870 1533 quae
1899 1490 1939 1524 ad

1192 1548 1399 1576 sacrosancta
1424 1542 1575 1588 mysteria
1604 1543 1768 1587 pertinent
1794 1554 1937 1588 exequa-

1193 1601 1254 1629 tur.
1283 1596 1487 1630 Praedictum
1517 1602 1626 1630 autem
1651 1597 1938 1640 Contumeliosum,

1193 1647 1255 1682 ut¹¹
1269 1649 1389 1682 habeat
1408 1650 1598 1693 poenitendi
1615 1650 1793 1692 licentiam,
1813 1650 1935 1694 petito-

1192 1702 1278 1736 rium
1305 1703 1383 1736 dare
1405 1703 1496 1736 vobis
1521 1714 1701 1745 censemus,
1716 1703 1773 1737 ubi
1791 1713 1937 1737 errorem

1192 1766 1287 1789 suum
1313 1755 1479 1790 evidenter
1502 1757 1645 1800 allegans
1669 1757 1728 1790 sub
1760 1757 1812 1790 die
1835 1756 1938 1801 prosi-

1194 1814 1299 1842 teatur
1316 1814 1347 1842 et
1358 1808 1379 1826 ¹²
1399 1810 1542 1843 consule.
1560 1810 1716 1844 Dominus
1736 1820 1792 1844 vos
1811 1810 1936 1844 incolu-

1194 1873 1260 1896 mes
1280 1863 1453 1903 custodiat,
1478 1863 1592 1897 fratres
1610 1863 1779 1897 carissimi.

1214 1917 1314 1950 ¹Data
1344 1927 1389 1951 vn
1419 1917 1492 1950 idus
1519 1917 1650 1961 Aprilis,
1673 1917 1782 1951 Flavio
1802 1917 1938 1951 Paulino

1192 1969 1320 2003 iuniore
1340 1969 1409 2004 viro
1431 1970 1610 2020 clarissimo
1624 1970 1756 2004 consule
1769 1969 1802 2004 ¹³.

1225 2033 1288 2060 Dat.
1305 2032 1349 2060 die
1364 2032 1378 2060 7
1394 2033 1471 2069 Apr.,
1487 2041 1552 2061 ann.
1569 2033 1631 2061 531.

1995 691 2137 722 Contumelio-

1952 724 1998 740 sum
2021 725 2042 740 ιι]
2065 724 2137 740 mona·
2179 723 2195 743 V·

1978 1277 2000 1298 ln
2015 1277 2061 1298 eius
2069 1277 2138 1298 locum

1951 1303 2049 1324 visitator
2061 1303 2138 1324 substi-

1952 1331 2054 1355 tuendus.
2077 1331 2137 1351 cuius

1952 1358 1999 1379 iura
2015 1357 2120 1384 praefinit.

1953 1677 2004 1702 quid
2018 1677 2046 1698 ad
2063 1677 2137 1703 poeni-

1952 1703 2041 1724 teutiam
2073 1709 2138 1730 agen-

1953 1731 2009 1752 dum.

1228 2230 1244 2257 8
1264 2230 1294 2257 In
1309 2231 1409 2257 Baron.
1427 2230 1505 2258 deest
1518 2231 1672 2266 fratribus.

1227 2275 1244 2302 9
1258 2275 1373 2302 Maurin.
1390 2275 1417 2302 in
1435 2275 1540 2303 Concil.
1564 2276 1637 2303 Gall.
1654 2279 1708 2302 tom
1723 2281 1741 2308 1,
1757 2274 1810 2303 col.
1826 2274 1888 2309 971,
1905 2283 1936 2302 ex

1193 2314 1253 2342 cod.
1270 2323 1328 2350 reg.
1346 2315 1414 2342 3849
1433 2315 1467 2343 ab
1488 2315 1601 2350 ordine,
1625 2314 1669 2342 vet
1690 2315 1794 2350 officio.
1819 2313 1858 2342 Ad
1879 2323 1937 2342 rem

1192 2355 1302 2392 quidem
1318 2356 1416 2392 aptius.
1433 2355 1513 2383 Forte
1529 2355 1638 2391 legend.
1658 2356 1775 2383 honore.

1229 2400 1262 2428 10
1276 2400 1324 2427 lid.
1342 2404 1370 2427 et
1384 2400 1480 2428 Bai-on.
1502 2400 1656 2429 removeri.

1230 2446 1257 2472 11
1280 2444 1377 2472 Baron.
1396 2445 1470 2480 legit.
1487 2447 1529 2478 ut,
1546 2453 1612 2478 err„
1628 2447 1658 2471 ut
1673 2444 1737 2477 vid„
1754 2447 1809 2480 typ.

1229 2489 1260 2517 12
1282 2489 1376 2517 Baron.
1390 2490 1443 2524 leg.
1456 2489 1506 2517 sub
1522 2489 1569 2517 die
1581 2489 1756 2524 profiteatur
1768 2489 1794 2516 ei
1807 2488 1933 2523 culpam,

1192 2532 1219 2557 et
1234 2529 1267 2557 ad
1283 2538 1369 2565 marg.
1383 2533 1439 2557 not.
1453 2533 1479 2558 et
1494 2530 1553 2557 loco
1569 2530 1610 2557 ei:
1628 2532 1655 2556 at
1669 2537 1698 2556 n.
1710 2529 1729 2555 l.
1746 2527 1933 2564 praeferenda.

1229 2574 1261 2602 13
1275 2575 1367 2611 Steph.
1381 2575 1515 2603 Souvetin
1528 2574 1700 2611 Ephemerid.
1713 2573 1887 2601 Trivoltianis
1897 2573 1936 2601 le-

1192 2615 1272 2652 gend.
1295 2619 1387 2644 censet
1410 2616 1576 2643 Iustiniana
1596 2615 1638 2643 IV
1651 2617 1677 2644 et
1693 2614 1820 2643 Paulino
1838 2623 1876 2642 vv.
1895 2622 1933 2641 cc.

1981 1648 2138 1672 contumelioso
2191 1650 2194 1658 ¹
