2244 3183
257 225 306 252 An.
323 224 351 252 C.
369 224 420 251 475
484 215 547 248 212

282 288 311 307 n·
332 287 438 313 Ephesum
455 273 673 318 Ephesiuum,
699 273 785 306 testis
803 278 849 306 est
877 283 988 306 reeens
1019 272 1196 307 Chalcedo-

255 314 438 361 :lhiss'ffffififfffliiss
454 339 553 361 nense
567 327 752 367 concilium,
770 327 858 370 quod
872 326 1017 370 quisquis
1039 326 1200 360 desiderat

453 380 632 420 retractari,
650 380 682 412 in
697 390 834 413 numero
849 379 994 413 tidelium
1005 380 1199 423 pronunciat

453 444 486 466 se
514 443 579 466 non
608 433 732 474 haberi,
757 444 829 466 cum
858 433 1100 476 praedictorum
1128 433 1198 466 talis

453 486 612 530 impietas,
636 486 823 519 auctoribus
838 492 869 519 et
880 485 886 502 ¹
899 486 1102 530 principibus
1114 486 1199 519 chri-

453 539 575 580 suanis,
599 550 665 572 non
686 540 790 572 solum
810 540 849 572 ab
870 539 1032 573 Ecclesiae
1046 550 1193 583 corpore,

454 603 564 625 verum
577 603 595 625 a
607 598 701 625 coetu
715 592 861 625 omnium
881 592 892 609 ⁴³
914 593 1016 625 exiliis
1029 598 1197 635 segregata

455 646 588 679 diversis
630 646 738 679 unitae
774 646 951 680 sententiae
992 645 1197 679 damnatione

455 711 608 743 percussa
629 705 686 733 est.
709 701 752 733 De
774 711 912 744 quorum
938 700 1017 733 nihil
1042 706 1086 733 est
1112 711 1197 732 nunc

457 764 568 787 errore
590 753 779 791 dicendum;
804 754 879 798 quia
898 760 970 798 post
991 754 1195 787 traditionem

458 814 620 842 tantorum
641 809 769 842 Domini
791 809 1009 849 sacerdotum,
1027 808 1080 852 qui
1102 809 1197 851 longe

455 869 528 896 ante
558 873 616 896 nos
648 862 679 895 in
710 863 859 896 universa
888 863 999 896 mundi
1026 868 1116 906 parte
1140 862 1196 895 has

455 927 585 960 quoque
605 917 754 950 haereses
776 917 941 950 evicerunt
956 917 981 957 3,
1002 917 1114 950 beatae
1139 927 1197 949 re—

455 969 653 1003 cordationis
665 971 896 1014 praedeeessor
908 976 1018 1004 noster
1032 970 1094 1003 Leo
1115 970 1196 1002 mul-

455 1023 557 1067 tiplici
591 1034 742 1057 sermone
776 1023 942 1057 doctrinae
973 1024 1051 1068 quid
1087 1023 1196 1057 catho-

455 1076 536 1109 licae
559 1077 702 1110 veritatis
727 1083 882 1121 sequatur
909 1077 1094 1120 integritas,
1119 1077 1196 1120 quid

455 1130 640 1171 detestetur,
665 1131 809 1164 asseruit.
838 1132 905 1164 Hae
925 1131 1106 1164 eruditione
1127 1131 1196 1162 sun-

456 1183 540 1224 data,
558 1193 623 1217 non
638 1184 844 1217 contentione
865 1194 946 1228 opus
961 1189 1018 1224 est,
1038 1190 1074 1216 ut
1090 1183 1196 1216 adhuc

456 1243 622 1281 tamquam
644 1238 683 1271 de
704 1238 811 1270 dubiis
832 1238 1003 1271 iudicetur.
1032 1237 1094 1271 Sed
1114 1237 1197 1270 sicut

455 1290 661 1324 dilectionem
692 1297 828 1324 vestram
858 1291 1035 1334 gaudemus
1067 1291 1192 1332 facere,

455 1344 557 1378 firmis
578 1351 688 1378 contra
709 1345 850 1378 deiectos
870 1350 951 1379 state
970 1345 1120 1387 vestigiis:
1137 1355 1196 1378 nec

454 1408 509 1431 vos
530 1398 731 1432 adversarius
754 1404 883 1439 terreat,
906 1404 961 1432 aut
981 1398 1105 1432 tardam
1130 1409 1193 1442 pn-

457 1451 529 1485 tetis
561 1452 700 1495 desuper
730 1451 840 1485 venire
870 1451 1048 1485 victoriam.
1076 1452 1196 1486 Cadere

454 1505 585 1545 didicit,
616 1505 670 1549 qui
702 1506 845 1539 resultat.
880 1506 1022 1539 Breviter
1052 1505 1132 1539 haec
1156 1506 1195 1539 ad

454 1558 737 1599 consultationem,
755 1558 819 1592 imo
830 1559 926 1593 etiam
941 1559 1194 1593 consolationem

453 1618 577 1645 vestrae
597 1612 785 1656 scripsimus
810 1613 947 1654 caritati,
971 1614 1113 1647 volentes
1139 1613 1196 1646 ali-

454 1676 545 1709 quos,
563 1666 839 1709 quemadmodum
859 1667 986 1710 cupitis,
1007 1677 1067 1710 pro
1081 1677 1195 1699 causae

454 1719 645 1752 necessitate
663 1719 812 1762 dirigere,
836 1720 896 1753 nisi
918 1720 957 1753 ad
978 1730 1107 1753 omnem
1126 1721 1194 1764 ple-

454 1772 634 1805 nitudinem
662 1783 727 1806 non
758 1773 819 1805 iam
846 1774 1086 1813 defendendae,
1114 1784 1195 1817 quae

456 1825 558 1859 solide
578 1825 587 1841 ⁴
606 1825 688 1858 iacta
718 1832 775 1866 est,
807 1826 894 1867 fidei,
926 1827 981 1860 sed
1002 1827 1196 1870 repellendis

454 1878 623 1912 haereticis
643 1884 739 1923 atque
757 1880 916 1913 damnatis
930 1880 983 1913 illa
996 1880 1191 1921 sufficerent,

454 1942 537 1975 quae
559 1931 655 1965 etiam
677 1933 716 1965 ad
737 1938 866 1966 sanctae
882 1934 1058 1967 memoriae
1075 1933 1196 1966 Flavia-

453 1995 544 2025 num,
570 1991 665 2028 atque
682 1986 721 2018 ad
739 1992 881 2019 sanctam
902 1987 1194 2020 Chalcedonensem

453 2038 631 2082 Synodum,
652 2039 701 2071 vel
722 2040 762 2072 ad
783 2045 937 2082 augustae
962 2040 1195 2073 recordationis

452 2092 649 2125 Marcianum
665 2103 701 2125 ac
716 2092 868 2134 Leonem,
885 2094 997 2126 heatae
1019 2094 1194 2127 memoriae

453 2151 691 2179 antecessorem
716 2157 823 2179 meum
847 2147 1011 2190 scripsisse
1036 2147 1190 2188 retinetis,

453 2205 549 2243 atque
572 2199 667 2233 totius
687 2200 826 2234 Orientis
857 2201 1000 2245 episcopi
1032 2201 1194 2245 rescriptis

453 2253 491 2285 ad
510 2253 691 2297 principem
718 2260 793 2287 tunc
814 2255 953 2287 Leonem
974 2255 1115 2298 propriis
1140 2255 1191 2287 in-

455 2306 619 2339 timarunt.
643 2307 733 2340 Unde
758 2307 928 2341 insolubile
950 2319 1018 2341 esse
1043 2319 1108 2341 non
1134 2309 1194 2342 du-

453 2359 542 2391 bium
565 2365 622 2400 est,
647 2361 734 2404 quod
759 2361 806 2394 vel
833 2367 904 2394 ante
926 2362 1134 2395 decreverunt
1162 2362 1194 2394 in

454 2423 552 2445 unum
567 2413 793 2448 convenientes
807 2420 851 2448 tot
862 2415 988 2448 Domini
998 2416 1190 2457 sacerdotes,

318 766 338 785 ln
362 765 439 791 quihus

256 792 381 815 praesertim
393 794 439 816 post

255 819 440 839 luculentissimum

255 847 333 866 Lemnis
362 845 439 865 doctri·

255 879 302 892 imm
323 872 351 892 nil
373 872 440 898 inqui-

256 899 350 919 rendum.

286 1297 368 1317 Clerum
386 1297 439 1317 Cen«

254 1324 406 1349 staninwpolit.
419 1325 438 1344 in

256 1351 364 1377 proposito
389 1356 438 1372 con-

254 1378 328 1398 tii-mat.

281 1832 304 1851 S.
316 1832 391 1851 Leonis
403 1831 438 1851 do-

255 1860 321 1877 rtrum
333 1858 439 1878 sumt-iens

254 1885 338 1905 haeres.
347 1886 438 1905 exitium.

290 2364 319 2384 Ab
336 2363 438 2384 uuiicrsix·

255 2390 438 2416 opst-opilentum

255 2418 345 2437 non-lum
365 2417 438 2437 dissel-

257 2444 332 2467 leuda,

491 2548 500 2573 1
525 2547 589 2574 Cod.
600 2547 659 2574 Vat.
672 2547 825 2580 3786,5617
842 2549 1006 2577 auctoribus
1016 2550 1194 2584 etiamprin-

454 2591 573 2626 cipibus.

489 2635 648 2664 ⁶21id.codd.
659 2636 906 2665 hominanorte
916 2646 1072 2666 amanuens.
1085 2639 1192 2666 mendo.

976 224 1138 249 AI‘I‘ENDIX
1158 225 1308 250 BULLARll
1328 226 1448 251 ROMANI

2176 30 2222 51 ’,ὲ
2195 0 2217 17 e

2004 227 2168 257 Amet-16
2206 266 2208 271 ,

1233 274 1280 307 vel
1303 275 1391 318 quod
1409 275 1526 317 singuli
1548 286 1605 319 per
1624 287 1698 309 suas
1715 276 1864 310 ecclesias
1889 286 1968 309 con-

1232 327 1343 368 stituti,
1363 329 1475 362 eadem
1494 328 1705 362 nihilominus
1724 330 1908 370 sentientes,
1925 330 1972 363 di-

1231 381 1329 414 versis
1347 382 1478 425 quidem
1494 382 1635 423 vocibus,
1651 383 1707 416 sed
1722 394 1787 415 una
1799 388 1904 416 mente
1923 383 1971 416 di-

1231 443 1355 475 xerunt,
1373 435 1562 468 damnantes
1576 446 1721 469 errorum
1744 436 1970 470 execrabilium

1231 494 1380 522 auctores
1399 489 1521 532 pariter
1534 495 1565 522 et
1584 500 1748 533 sequaces.
1769 489 1972 534 Quapropter

1231 541 1314 574 inter
1336 547 1381 574 tot
1401 542 1532 581 formas,
1546 553 1627 586 quae
1642 549 1769 576 erectae
1782 548 1866 584 sunt,
1880 553 1972 587 prae-

1231 595 1370 636 dicandi,
1394 606 1459 629 non
1487 596 1663 630 assertione
1688 607 1781 638 nova,
1808 597 1863 630 sed
1888 607 1968 630 con-

1231 648 1346 681 stantia
1367 648 1535 682 nitendum
1557 655 1613 683 est.
1641 651 1706 683 lam
1727 651 1900 694 probatum
1925 655 1973 684 est

1231 701 1309 744 quid
1341 702 1491 745 (Domino
1519 713 1574 736 vos
1605 703 1747 747 iuvante)
1776 704 1973 748 profecerint

1231 755 1358 788 labores
1371 755 1464 789 vestri
1478 767 1484 789 z
1501 757 1566 790 Deo
1580 757 1718 800 placitus
1732 757 1854 791 fruetus
1867 763 1973 791 osten-

1230 808 1286 849 dit,
1311 809 1441 852 quando
1462 809 1529 843 eius
1547 811 1692 851 domum,
1709 810 1798 843 vobis
1812 811 1972 844 obsisten-

1231 861 1325 902 tibus,
1340 862 1455 895 latroni
1467 862 1601 896 introire
1615 873 1679 896 non
1694 863 1795 904 licuit,
1810 863 1875 907 qui,
1892 874 1973 898 non-

1229 915 1325 948 nullis
1346 917 1591 950 oecurrentibus
1612 917 1684 957 sihi,
1713 917 1848 951 latentes
1866 918 1973 951 adhue

1230 968 1363 1002 forsitan
1383 970 1431 1003 sui
1449 970 1571 1003 similes
1588 971 1779 1014 publicavit:
1801 981 1866 1004 non
1887 971 1973 1004 enim

1230 1022 1409 1065 iunguntur
1426 1023 1511 1056 bona
1523 1024 1680 1067 pessimiS‚
1697 1030 1785 1057 recta
1797 1024 1969 1068 perversis,

1228 1087 1287 1109 nec
1308 1082 1443 1120 possunt
1462 1077 1615 1110 salutaria
1639 1078 1726 1111 coire
1751 1089 1822 1111 cum
1851 1078 1970 1120 noxiis,

1229 1129 1304 1173 quia
1324 1130 1387 1162 luci
1408 1131 1594 1164 communio
1615 1132 1703 1164 nulla
1716 1142 1789 1164 cum
1813 1132 1969 1174 tenebris,

1229 1194 1288 1216 nec
1298 1183 1420 1216 infideli
1438 1184 1544 1227 portio
1556 1195 1628 1217 cum
1642 1184 1742 1218 fideli.
1754 1185 1846 1219 Unde
1859 1196 1970 1219 neccs-

1229 1236 1313 1269 sario
1334 1237 1561 1270 damnatorum
1576 1238 1818 1271 comitabuntur
1838 1231 1968 1280 exitum,

1229 1290 1284 1334 qui
1298 1290 1411 1323 talium
1426 1290 1575 1334 delegere
1589 1292 1799 1325 consortium:
1814 1292 1875 1326 nisi
1890 1293 1971 1326 forte

1229 1344 1493 1388 resipiscentibus
1523 1345 1660 1387 animis,
1695 1351 1726 1379 et
1754 1346 1892 1380 maxime
1917 1330 2171 1391 qujfflllffillu'ilffllli
2215 1339 2231 1355 ⁸

1472 1399 1477 1404 ,
1621 1400 1626 1405 ,
1765 1400 1771 1405 ,
1987 1381 2084 1407 delegere
2121 1387 2170 1402 con·
2199 1368 2233 1406 ξς

1229 1409 1333 1442 nuper
1353 1399 1478 1443 decepti
1499 1405 1584 1440 sunt,
1599 1400 1743 1434 Videntes
1763 1411 1796 1433 in
1814 1411 1896 1445 quae
1910 1401 1968 1434 ab·
1986 1408 2083 1429 sortium-

1229 1457 1325 1496 rupta
1344 1458 1417 1486 sunt
1438 1453 1540 1494 ducti,
1575 1454 1615 1487 ad
1644 1454 1849 1498 splendorem
1878 1465 1972 1488 verae

1230 1506 1306 1540 fidei
1320 1506 1461 1540 discussa
1474 1508 1641 1540 conserant
1653 1518 1686 1541 se
1697 1508 1784 1541 nube
1797 1508 1968 1542 mendacii.

1230 1559 1321 1599 Quod
1341 1560 1536 1604 apostolicae
1550 1561 1640 1595 Sedis
1657 1561 1777 1605 pietate
1796 1567 1831 1595 ut
1850 1572 1968 1606 prove-

1230 1614 1299 1647 nire
1319 1615 1420 1658 possit
1441 1620 1605 1659 optamuS‚
1635 1615 1710 1659 quia
1730 1615 1827 1649 vitam
1852 1616 1884 1649 in
1907 1617 1970 1650 Do·
1986 1650 2007 1669 et
2022 1621 2170 1675 iffissffigssgffi
2200 1610 2237 1656 't

1230 1667 1308 1700 mini
1329 1669 1491 1702 voluntate
1512 1669 1747 1711 cognoscimus,
1765 1671 1804 1703 ad
1825 1670 1972 1704 christia·
1986 1675 2049 1696 datae
2066 1675 2156 1697 litterae.
2200 1670 2203 1671 ⁷

1228 1721 1397 1754 nissimum
1419 1732 1548 1765 quoqne
1574 1722 1753 1766 principem
1772 1724 1820 1756 vel
1841 1724 1881 1757 ad
1901 1723 1968 1756 sra-

1230 1780 1309 1808 trem
1337 1781 1367 1808 et
1396 1776 1624 1819 coepiscopum
1652 1782 1797 1810 nostrum
1819 1777 1970 1810 Acacium

1229 1828 1445 1871 competentia
1480 1829 1576 1862 simul
1615 1830 1735 1873 scripta
1773 1830 1946 1864 direximus
1959 1858 1967 1872 ,

1229 1881 1320 1914 cuius
1331 1882 1547 1915 accusandum
1556 1882 1719 1916 silentium
1731 1893 1794 1916 non
1807 1889 1966 1927 putamus:

1229 1935 1303 1978 quia
1321 1935 1456 1968 scientes
1477 1935 1573 1968 fidem
1588 1937 1807 1980 probatissimi
1821 1938 1970 1970 sacerdo-

1229 1988 1279 2028 tis,
1301 1993 1425 2021 certum
1445 1994 1590 2022 tenemus
1601 2000 1695 2022 suum
1715 2000 1780 2022 non
1801 2000 1869 2023 esse
1883 1990 1971 2034 quod

1229 2042 1337 2075 tacuit.
1367 2043 1406 2075 Ut
1430 2048 1536 2075 autem
1562 2043 1689 2086 plenius
1714 2043 1843 2076 dilectio
1867 2049 1970 2077 vestra

1229 2101 1401 2137 cognoscat
1416 2102 1611 2137 nostrarum,
1627 2107 1706 2140 quas
1720 2097 1760 2130 ad
1774 2096 1970 2131 christianis-
2188 2132 2191 2133 γ

1228 2150 1345 2182 simum
1370 2150 1551 2194 principem
1573 2151 1729 2192 misimus,
1757 2151 1873 2185 seriem
1893 2151 1967 2185 litea
1984 2155 2168 2208 nuffifflffgmffiffi
2193 2151 2237 2197 Ξ

1228 2213 1349 2243 rarum,
1364 2204 1569 2247 exemplaria,
1584 2204 1796 2246 internuntio,
1809 2216 1904 2249 quem
1916 2205 1971 2238 mi·
1985 2209 2166 2262 {issmiiss'ssoifff'ssi
2190 2239 2201 2246 ,,
2213 2206 2219 2243 ς’
2235 2220 2236 2255 J

1228 2256 1326 2295 sistis,
1352 2258 1523 2296 redeunte,
1547 2258 1732 2292 direximus.
1984 2262 2068 2284 misissss
2083 2262 2157 2283 innuit.
2203 2280 2211 2287 -
2235 2265 2236 2272 ¹

1272 2310 1348 2342 Data
1374 2310 1466 2343 tertio
1490 2310 1560 2344 idus
1584 2311 1734 2353 Ianuarii,
1757 2312 1890 2346 Consule
1910 2322 1966 2346 su-

1228 2363 1419 2407 prescripto.

1264 2425 1330 2453 Data
1349 2426 1392 2453 die
1410 2428 1436 2453 11
1460 2427 1515 2454 lan.
1534 2435 1577 2454 an.
1599 2427 1661 2455 476.

2013 715 2079 736 Huius
2092 715 2113 736 in
2130 716 2169 737 Ae-

1986 743 2053 764 lurum
2062 742 2169 764 fortitudo.

2196 946 2230 971 θ’.
2195 664 2232 936 ,εδῗὶὸμῖίὴῖἑῖζῢενΐ
2203 592 2224 650 ἰ’-ὲκ·
2195 527 2222 582 Ἶ-’Ἥ
2199 498 2221 517 .“«
2203 474 2218 487 .<
2203 432 2209 453 '⁴
2206 401 2213 406 ·

2021 1301 2171 1322 Fervet-sorum
2208 1323 2209 1326 ,
2227 1322 2229 1327 1

2224 1332 2231 1339 f

1262 2551 1278 2578 3
1298 2551 1364 2578 Cod.
1382 2551 1437 2578 Vat.
1459 2551 1528 2579 378ss
1548 2552 1721 2580 revicerunt.

1262 2596 1280 2622 4
1299 2596 1340 2622 Al.
1362 2595 1477 2624 solidae.
1501 2596 1579 2623 Certe
1599 2595 1695 2623 mendo
1716 2596 1871 2633 typograph.
