2244 3183
254 208 301 232 Λη,
324 206 353 232 C.
372 206 423 233 460

253 515 315 527 ¹’.lUl'4'
326 516 338 528 l!
360 515 377 526 'tl
387 514 398 528 ἱ,
411 516 414 528 Ι

254 536 350 554 {erilis-tn.

268 1386 307 1410 lps¹
321 1385 438 1404 l'unliliml.

253 1413 289 1431 t‘nsl
296 1412 358 1435 {tr-un·

252 1441 362 1464 attingunt.

487 198 551 231 tut

456 262 511 297 est,
524 266 661 300 quorum
679 263 785 301 typum
801 258 921 302 Moyses
930 263 958 291 et
969 260 1075 291 Aaron
1089 265 1196 292 tenue-

455 316 544 351 runt,
569 311 702 344 omnino
723 311 888 344 decretum
910 317 967 353 est,
994 317 1030 346 ut
1049 312 1196 358 chorepi-

454 363 542 407 scopi
560 365 607 397 vel
628 364 817 409 presbyteri,
843 365 898 409 qui
921 365 1063 399 filiorum
1089 367 1195 401 Aaron

454 423 577 456 gestant
587 417 736 460 figuram,
747 418 889 462 arripere
899 429 963 452 non
972 427 1192 464 praesumant.

333 488 351 501 m
382 488 399 501 ..ι
411 488 437 501 ,ιη
454 470 532 502 Nam
547 471 691 514 quamvis
704 482 777 504 cum
800 471 959 516 episcopis
972 473 1113 517 plurima
1134 474 1196 507 illis

418 516 438 528 '¹‘
455 523 708 558 ministeriorum
727 526 908 560 communis
928 527 968 560 sit
984 527 1191 571 dispensatio,

453 578 612 620 quaedam
638 584 745 612 tamen
763 580 953 614 auctoritate
967 581 1081 614 veteris
1102 581 1191 624 legis,

453 632 612 674 quaedam
630 633 784 666 novellis¹
807 639 838 666 et
857 635 1081 668 ecclesiasticis
1094 646 1191 677 regu-

453 685 490 718 lis
510 685 570 718 sibi
588 686 752 730 prohibita
771 688 933 728 noverint3
957 689 1039 722 sicut
1058 690 1191 733 presby-

454 744 597 771 terorum
619 745 650 773 et
667 740 890 782 diaconorum,
914 748 1010 786 atquc
1033 743 1193 785 virginum

452 793 652 825 consecratio
665 793 686 833 '‘';
708 793 791 827 sicut
811 794 996 828 constitutio
1017 795 1141 834 altaris,
1165 802 1191 829 et

452 845 634 878 benedictio
656 846 703 879 vel
718 847 838 880 unctio.
853 847 1019 891 Siquidem
1034 849 1114 882 nec³
1132 849 1193 882 eri-

452 909 527 938 gere
548 899 592 932 eis
613 899 737 940 altaria,
761 901 809 933 vet
836 901 986 935 ecclesias
1006 903 1055 935 vel
1082 903 1194 936 altaria

453 962 643 986 consecrare
667 953 775 993 licet⁴‚
809 965 869 988 nec
893 965 951 998 per
972 955 1194 999 impositiones

455 1016 608 1039 manuum
633 1007 784 1041 fidelihus
813 1008 1028 1052 baptizandis,
1052 1010 1099 1042 vel
1119 1021 1195 1043 con-

453 1059 549 1093 versis
575 1070 611 1093 ex
636 1061 761 1094 haeresi
793 1062 988 1095 Paraclitum
1019 1063 1195 1107 Spiritum5

453 1113 590 1154 tradere,
611 1124 670 1147 nec
690 1114 829 1147 chrisma
847 1114 1019 1157 conficere,
1035 1126 1094 1149 nec
1108 1117 1194 1149 chri-

451 1172 553 1200 smate
573 1167 828 1211 baptizat0rum⁶
841 1169 961 1202 frontes
977 1169 1115 1212 signare,
1136 1181 1195 1204 nec

451 1220 581 1263 publice
602 1221 733 1264 quidem
752 1221 783 1254 in
802 1222 898 1255 missa
909 1233 1104 1266 quemquam
1119 1234 1195 1267 poe-

452 1273 608 1307 nitentem
630 1275 852 1315 reconciliare,
875 1286 934 1309 nec
955 1276 1108 1310 formatas
1129 1277 1195 1311 cui-

453 1326 532 1360 libet
552 1327 703 1371 epistolas
714 1328 870 1362 mittere⁷.
886 1330 971 1363 Haec
988 1330 1074 1363 enim
1087 1331 1196 1364 omnia

453 1380 564 1413 illicita
583 1387 655 1414 sunt
677 1381 928 1426 chorepiscopis,
952 1383 1008 1427 qui
1028 1384 1067 1417 ad
1088 1394 1195 1417 exem-

453 1433 542 1476 plum
568 1439 599 1467 et.
623 1435 759 1468 sormam
788 1435 992 1479 septuaginta
1022 1437 1196 1481 discipulo-

452 1497 524 1520 rum
546 1498 614 1521 esse
635 1493 813 1522 noscuntur
826 1489 847 1530 Β,
863 1490 912 1522 vel
932 1490 1126 1534 presbyteris
1140 1491 1194 1535 qui

452 1541 588 1574 eandem
602 1546 728 1583 gestant
741 1542 908 1584 figuram&
921 1543 1074 1586 quoniam
1087 1554 1195 1588 quam-

453 1604 550 1637 quam
579 1595 857 1629 consecrationem
882 1596 1041 1637 habeant,
1064 1597 1195 1641 pontifi-

453 1652 542 1681 catus
572 1654 680 1681 tamen
706 1648 831 1693 apicem
857 1659 923 1683 non
950 1650 1079 1684 habent.
1108 1651 1194 1690 Quae

451 1701 560 1734 omnia
580 1701 656 1735 solis
668 1701 692 1719 ¹0
704 1702 814 1736 deberi
826 1703 961 1736 summis
980 1704 1192 1748 pontificibus

452 1754 644 1788 auctoritate
665 1765 825 1789 canonum
853 1757 1059 1801 praecipitur,
1082 1764 1117 1791 ut.
1136 1769 1195 1802 per

450 1808 512 1841 hoc
537 1814 568 1842 et
593 1809 743 1843 discretio
771 1810 948 1852 graduum,
980 1817 1011 1844 et
1031 1811 1194 1853 dignitatis

452 1863 611 1905 fastigium
629 1864 747 1897 summi
761 1864 926 1898 Pontificis
940 1865 1189 1899 demonstretur.

449 1915 614 1960 Siquidem
641 1927 746 1961 neque
775 1918 917 1951 coram¹'
939 1918 1091 1963 episcopo
1119 1919 1193 1953 licet

484 2037 497 2063 1
510 2035 550 2062 Id.
568 2035 626 2063 cod.
639 2044 699 2063 cum
714 2036 840 2071 quihusd.
854 2036 918 2064 edit.
935 2038 1075 2072 quaedum
1088 2047 1187 2065 novae.

484 2080 500 2106 2
517 2090 528 2105 <x
541 2080 602 2107 Mss.
620 2080 644 2107 S.
663 2080 738 2107 Cruc,
756 2081 828 2108 sicut
843 2084 882 2109 est
904 2083 1152 2117 presbylerormn,
1167 2087 1192 2111 el

449 2125 650 2159 diaconorum,
667 2133 700 2151 ccc
715 2125 866 2160 virgiuum
891 2127 1066 2154 consecratio
1085 2137 1108 2153 n.
1133 2127 1193 2154 Bal-

449 2168 526 2195 leriu.
543 2169 593 2196 loc.
614 2169 656 2195 cit⁴

484 2214 499 2240 3
522 2224 533 2239 ct
545 2215 599 2241 Nec
618 2215 701 2241 licere
717 2215 828 2249 eriqcre
840 2225 861 2241 n.
882 2215 973 2250 Laoys.
988 2215 1052 2242 edit.
1075 2216 1154 2243 Male.

483 2259 500 2284 4
521 2258 691 2286 Consecrare
716 2260 916 2293 permittimus
938 2270 961 2286 n.
986 2259 1111 2286 Ballcrin.
1130 2261 1147 2286 l.
1167 2268 1180 2287 c

484 2304 500 2329 5
520 2303 569 2329 Cit.
593 2305 653 2330 cod.
675 2304 792 2339 etquid.
810 2305 875 2331 edit.
897 2305 999 2332 addunt
1014 2309 1154 2333 simelam.

484 2350 499 2373 ti
518 2348 558 2374 ld.
574 2348 634 2375 cod.
657 2349 903 2383 baptizamlmunu
934 2349 997 2377 edit.
1017 2359 1081 2377 vero
1097 2350 1189 2377 nobis—

448 2401 508 2419 cum
525 2393 626 2427 legunt,
649 2397 675 2420 et
694 2394 803 2426 rectius,
825 2397 854 2420 ut
873 2394 978 2430 opinor.

485 2437 498 2463 7
520 2436 668 2463 Canonicas
692 2437 820 2472 epistolas
850 2446 906 2464 mos
939 2438 1039 2465 latinus
1063 2438 1192 2465 formatas

448 2480 575 2515 appellat,
597 2489 711 2516 quarum
722 2482 808 2517 regul.
828 2482 944 2509 Nic-aena
955 2482 1048 2517 synod.
1072 2482 1189 2509 tradidit.

448 2524 509 2550 vid.
526 2524 619 2551 Baller.
637 2525 708 2560 apud
729 2525 807 2561 Mign.
828 2526 937 2553 patrol.
961 2527 1044 2554 cto-s.
1061 2528 1188 2562 complet.
1207 2548 1208 2552 ,

449 2572 512 2595 tom.
527 2575 580 2603 m,
599 2569 648 2596 col.
672 2570 732 2597 730.

483 2614 498 2641 8
521 2624 531 2639 ιι
549 2614 586 2642 Id.
605 2615 664 2642 cod.
681 2619 883 2649 coynoscunlicl
904 2627 931 2643 ι,

969 211 1120 234 ..trrttxtux
1147 211 1290 236 Bl'LleIUl
1316 213 1434 237 RoutNt

2008 213 2056 240 An.
2078 212 2168 240 (2460
2204 215 2219 245 «ᾗ

1231 261 1424 305 preshyteris
1444 261 1475 294 in
1496 261 1720 304 baptisterium
1742 261 1886 303 introire,
1910 271 1969 295 nec
2008 274 2168 300 Eisdnmqnae-

1985 306 2032 321 nam
2042 301 2111 321 ellit-ia
2121 306 2168 326 per.
2200 298 2215 325 ἰ,

1230 314 1549 358 praesentemiaxnffl
1566 315 1706 348 antistite
1726 315 1879 349 infantem
1902 316 1966 349 tin-
1985 328 2093 347 unusne.

2200 348 2232 362 .,,

1230 379 1316 411 gere,
1344 375 1397 402 aut
1423 368 1561 411 signare,
1585 379 1645 402 nec
1665 368 1882 413 poenitentem
1901 369 1970 403 sinc
2196 363 2232 426 ³5¹

1230 422 1459 466 praeceptione
1493 422 1634 466 episcopi
1662 422 1711 456 sui
1742 422 1966 462 reconciliare,
2196 429 2223 508 Ξ

1230 486 1288 508 ηας
1308 486 1345 509 co
1365 481 1544 524 praesente,
1562 475 1621 509 nisi
1636 476 1689 509 illo
1708 476 1850 517 iubente,
1866 485 1971 509 sacra-
2198 504 2224 526 ,ff

1231 535 1373 562 mentum
1385 529 1530 574 corporis
1547 535 1578 562 ct
1590 529 1755 572 sanguinis
1768 529 1881 563 Christi
1895 539 1971 563 con·
2199 525 2233 580 2}

1231 582 1338 623 ficere,
1362 592 1421 615 nec
1442 593 1480 615 eo
1502 592 1610 615 coram
1625 582 1729 625 posito
1742 582 1898 626 populum
1914 583 1971 615 do·
2200 583 2233 637 ξςῐ

1230 646 1317 676 cere,
1349 636 1396 668 vel
1423 635 1630 675 benedicere,
1659 640 1714 668 aut
1737 635 1888 676 salutare,
1912 645 1971 668 nec

1229 688 1357 731 plebem
1371 688 1483 732 utique
1497 688 1659 722 exhortari
1674 688 1705 728 ’ἦ
1729 687 1761 720 in
1782 698 1836 721 eos
1849 687 1971 732 specia-

1230 740 1289 774 lius
1315 746 1345 774 et
1376 741 1570 784 propensius
1601 741 1827 775 commovendi
1858 741 1914 784 qui
1938 741 1970 773 in

1229 793 1389 838 episcopis
1420 794 1611 828 ordinandis
1629 799 1814 828 sanctorum
1839 794 1970 827 Patrum

1228 852 1346 880 statuta
1364 847 1619 890 neglexe1¹t1nt¹⁴,
1649 853 1679 881 et
1703 858 1784 892 quos
1805 847 1970 881 confutare

1229 901 1407 934 debuerant
1420 907 1658 935 consecrarunt.
1676 902 1766 935 Unde
1786 901 1812 935 si
1833 901 1887 945 qui
1902 900 1970 945 epi-

1229 955 1318 999 scopi
1341 956 1437 989 talem
1459 961 1730 989 consecraverunt
1754 955 1967 996 sacerdotem,

1229 1009 1357 1052 qualem
1378 1019 1446 1043 esse
1460 1008 1480 1026 ¹⁵
1499 1020 1565 1043 non
1589 1010 1693 1050 liceat,
1717 1009 1841 1043 etiamsi
1862 1009 1970 1053 aliquo

1230 1063 1326 1096 modo
1339 1064 1493 1096 damnum
1509 1063 1633 1108 proprii
1651 1063 1785 1097 honoris
1798 1063 1967 1104 evaserint,

1230 1117 1444 1150 ordinationis
1470 1123 1577 1151 tamen
1602 1117 1651 1150 ius
1670 1117 1805 1151 ulterius
1825 1127 1890 1151 non
1908 1117 1968 1150 ha-

1229 1171 1372 1213 bebunt,
1403 1182 1462 1205 nec
1486 1171 1514 1205 ei
1545 1176 1746 1205 sacramento
1771 1171 1967 1212 intererunt,

1230 1226 1317 1268 quod
1348 1226 1494 1268 neglecto
1521 1225 1628 1259 divino
1656 1225 1776 1259 iudicio
1808 1224 1971 1258 immerito

1229 1279 1468 1322 praestiterunt.
1489 1279 1571 1313 Illud
1596 1290 1672 1312 sane
1693 1279 1780 1323 quod
1801 1279 1841 1312 ad
1860 1289 1969 1312 sacer-

1230 1332 1371 1366 dotalem
1392 1333 1533 1376 pertinet
1545 1332 1848 1375 dignitatem,·inter
1862 1332 1971 1366 omnia

1229 1386 1377 1419 volumus
1395 1397 1555 1420 canonum
1577 1392 1694 1420 statuta
1714 1385 1873 1427 servari¹⁶;
1897 1396 1971 1419 cum

1230 1439 1285 1472 ubi
1303 1440 1444 1473 minores
1461 1445 1535 1473 sunt
1553 1440 1678 1484 plebes,
1696 1439 1837 1473 minores
1849 1437 1869 1457 ¹⁷
1888 1449 1968 1473 con-

1229 1498 1351 1534 ventus,
1365 1493 1627 1538 presbyterorum
1642 1504 1719 1527 cura
1732 1493 1886 1534 sufficiat·,
1903 1493 1971 1537 epi-

1228 1547 1370 1590 scopalia
1394 1552 1501 1580 autem
1522 1547 1741 1590 gubernacula
1761 1547 1890 1580 nonnisi
1904 1557 1972 1579 ma·
1986 1548 2170 1598 ,iffisfi'ffiss'e‘ff‘ssj

1229 1599 1352 1633 ioribus
1381 1600 1529 1644 populis,
1564 1605 1595 1633 et
1622 1600 1896 1644 frequentioribus
1925 1599 1970 1633 ci-
1985 1603 2075 1630 visceri·
2206 1604 2207 1607 ’

1228 1654 1377 1687 vitatibus
1407 1659 1555 1698 oporteat
1580 1654 1779 1698 praesidere,
1813 1665 1854 1688 ne
1882 1654 1970 1698 quod

1227 1712 1412 1741 sanctorum
1432 1708 1564 1741 Patrum
1586 1708 1737 1741 divinitus
1748 1707 1902 1752 inspirata
1915 1708 1970 1741 de-

1228 1766 1314 1794 creta
1325 1766 1505 1802 vetuerunt,
1522 1761 1633 1795 viculis
1654 1766 1684 1795 et
1700 1761 1967 1805 possessionibus,

1228 1815 1275 1848 vel
1301 1815 1447 1848 obscuris
1473 1820 1504 1848 ct
1527 1815 1678 1848 solitariis
1703 1815 1886 1859 municipiis
1906 1815 1967 1848 tri-

1228 1869 1346 1902 buatur
1370 1869 1570 1902 sacerdotale
1596 1869 1769 1912 fastigium,
1794 1874 1823 1902 et
1850 1869 1966 1910 honor,
1985 1860 2169 1909 ςξέθῖῗῗοῗὲῇῗζῖῗ
2203 1902 2207 1904 ,
2236 1895 2237 1900 ,

1983 1914 2134 1936 numerositate
2140 1913 2169 1934 vi-

1227 1922 1278 1954 cui
1304 1922 1424 1956 dehent
1451 1922 1680 1956 excellentiora
1708 1921 1877 1964 committi,
1901 1922 1969 1966 ipsa
1983 1942 2051 1963 lesen,

2223 722 2229 733 -„
2207 622 2227 688 αὖθ’

2012 963 2112 990 Episcop.
2120 969 2169 994 con·
2211 980 2213 982 .

1985 996 2071 1011 secrans
2080 997 2169 1011 immori·
2210 1006 2226 1018 ,-

1986 1019 2028 1038 tum
2035 1017 2169 1038 ordinatione
2196 1027 2206 1046 Ἰ
2223 1028 2226 1029 ⁷

1985 1044 2107 1071 privandus.

2012 1284 2034 1304 tn
2054 1283 2170 1304 minoribus

1986 1310 2108 1330 civitatibus
2122 1316 2170 1336 prc-

1986 1337 2064 1384 ςῖξιςῐειή
2075 1339 2169 1358 statuen-
2216 1342 2218 1345 ·

1986 1372 1990 1384 ι
2002 1370 2019 1387 1:

1261 2043 1276 2069 9
1298 2052 1310 2068 (ι
1327 2043 1397 2070 Edit.
1414 2043 1538 2077 formam
1556 2053 1578 2070 12.
1596 2042 1693 2070 Baller.
1714 2042 1732 2070 l.
1749 2051 1772 2070 c.

1262 2088 1295 2114 to
1311 2087 1359 2114 Cit.
1378 2087 1438 2115 cod.
1455 2087 1555 2115 omittit
1568 2089 1647 2116 solis.
1658 2088 1729 2115 Edit.
1743 2088 1813 2123 legg.
1825 2088 1893 2116 solis
1901 2095 1969 2123 pon-

1227 2132 1360 2166 filicibus.

1264 2177 1290 2204 1⁴1
1315 2177 1357 2204 Al.
1375 2178 1429 2205 Sed
1446 2185 1536 2212 neque
1550 2185 1658 2205 coram.
1674 2177 1768 2204 Melius
1782 2176 1861 2204 videt.
1874 2185 1901 2204 n.
1915 2177 1932 2204 l.

1264 2223 1293 2248 12
1310 2221 1351 2248 Al.
1370 2225 1528 2258 expungunt
1550 2223 1647 2249 etiam.

1261 2263 1294 2290 ¹13
1306 2263 1451 2299 Hucusque
1461 2264 1523 2291 edit.
1537 2264 1635 2300 aliique
1646 2263 1723 2291 codd.
1735 2263 1807 2295 Quae
1815 2263 1969 2290 subduntur

1226 2316 1255 2334 ex
1272 2308 1332 2334 eod.
1351 2307 1429 2342 1340,
1442 2307 1480 2334 uti
1497 2308 1659 2341 notavimus,
1676 2309 1804 2343 decerpta
1815 2317 1875 2335 cum
1888 2316 1966 2343 capp.

1225 2352 1241 2377 6
1256 2356 1283 2378 et
1297 2360 1374 2387 seqq.
1391 2360 1434 2387 cp.
1456 2359 1474 2384 1,
1491 2352 1589 2379 volum.
1606 2356 1734 2380 tnostrae
1751 2352 1828 2387 edit.‚
1845 2360 1906 2388 pag.
1924 2353 1967 2386 41,

1226 2396 1276 2423 col.
1295 2399 1325 2431 t,
1344 2397 1366 2423 si
1388 2397 1515 2424 nonnulla
1532 2397 1648 2433 excipias
1660 2419 1666 2431 ,
1685 2397 1850 2424 adamussim
1870 2397 1968 2425 cohae-

1226 2443 1296 2467 rent.

1262 2484 1293 2510 14
1310 2484 1351 2511 ΑΙ.
1368 2485 1557 2519 ηαςίείιτθνὺιέ,
1581 2493 1639 2512 mox
1654 2486 1862 2513 consecrarint.

1259 2528 1294 2555 «15
1309 2528 1347 2555 Al.
1369 2528 1455 2556 omitt.
1477 2538 1544 2556 esse.
2187 2523 2231 2567 ”,;

1264 2573 1294 2599 16
1310 2573 1366 2600 Vid.
1385 2573 1412 2600 in
1427 2573 1471 2600 cit.
1489 2582 1531 2610 ep.
1549 2582 1619 2610 quae
1634 2574 1678 2602 hic
1693 2573 1838 2601 adduntur.

1262 2617 1292 2644 17
1310 2617 1348 2644 Al.
1366 2619 1555 2654 minoresque.

2196 2908 2217 2936 3*
2192 2792 2218 2894 Τιλν-’ῧῖ
2194 2740 2222 2757 ἶ,
2191 2637 2225 2717 ,ζ’ἤ-ἰ-
2188 2564 2231 2623 (Uia

2145 3040 2233 3105 ,κὲὲς
