2244 3183
274 208 323 235 An.
345 208 372 236 C.
389 208 441 235 1158

285 589 394 609 Callinici
404 589 455 609 tides

273 616 384 636 humanum
392 621 455 641 genus

271 642 370 663 viruit-at.

314 962 351 982 net
371 969 457 985 munera

273 988 371 1010 uberiora
401 992 458 1012 act-i-

273 1018 314 1039 pit.
331 1017 366 1041 qui
381 1017 407 1038 de
422 1023 458 1038 ac-

272 1042 458 1071 ceptisfiwritgra-

275 1070 324 1088 tuor.

320 1282 381 1305 circa
397 1285 458 1307 fidem

274 1307 361 1331 definita
376 1315 459 1334 courel.

274 1335 317 1355 tero
350 1337 458 1365 iniquissi-

274 1367 329 1383 mum
346 1367 382 1384 eet.

506 200 571 233 164

470 258 695 291 universorum
717 257 860 291 fidelium
883 259 1032 302 precibus
1046 260 1086 293 sit
1099 266 1213 304 optan-

470 312 557 350 dum,
581 316 613 344 ut
639 311 668 343 in
690 321 819 344 omnem
841 308 976 354 gloriam
1001 318 1139 347 vestrum
1162 325 1213 347 ex-

471 364 620 397 tendatur
653 364 824 408 imperium
841 393 847 403 ,
882 366 935 409 qui
968 377 1065 411 supra
1100 378 1210 400 curam

471 428 577 450 rerum
604 418 831 461 temporalium
853 419 1022 461 religiosae
1040 420 1212 464 providen-

471 471 532 504 tiae
554 472 745 505 famulatum
767 473 882 507 divinis
904 480 934 507 et
948 475 1087 508 aeternis
1105 476 1211 519 dispo-

470 524 640 558 sitionibus
650 527 1096 571 perseveranterimpenditis:
1109 529 1212 562 utsci-

471 577 545 610 licet
558 578 717 612 catholica
726 579 816 620 tides,
829 591 911 624 quae
921 581 1099 614 humanum
1111 592 1212 624 genus

472 631 540 664 sola
557 631 706 671 vivificat,
724 633 792 666 sola
805 633 994 675 sanctificat,
1012 634 1042 667 in
1056 645 1120 668 una
1138 645 1213 668 con-

471 684 609 718 fessione
623 691 828 729 permaneat:
843 692 874 720 et
887 687 1112 729 dissensiones,
1130 699 1212 731 quae

471 738 510 771 de
532 744 732 772 terrenarum
754 740 944 783 opinionum
966 741 1118 774 varietate
1151 752 1210 774 na-

473 796 618 832 scuntur,
642 802 660 824 a
684 792 846 826 soliditate
870 793 955 826 illius
975 799 1095 837 petrae,
1119 805 1214 838 supra

472 854 568 887 quam
589 844 697 878 civitas
724 845 778 879 Dei
807 846 1008 887 aedificatur,
1030 847 1211 890 abigantur,

472 897 703 939 gloriosissime
735 898 913 943 imperator
926 898 946 932 ¹.
984 901 1071 934 Haec
1107 907 1213 935 autem

474 950 528 983 Dei
560 961 695 984 munera
723 952 765 985 ita
791 953 920 986 demum
942 953 1035 987 nobis
1064 955 1216 989 divinitus

474 1004 692 1046 conserentur,
716 1005 741 1038 si
763 1006 802 1039 de
822 1006 882 1047 his,
911 1017 994 1050 quae
1015 1013 1086 1041 sunt
1116 1019 1213 1052 prae-

473 1057 556 1098 stita,
569 1068 633 1090 non
648 1057 851 1092 inveniamur
867 1059 1035 1103 ing1·ati;et
1049 1066 1215 1105 tamquam

473 1111 563 1144 nulla
582 1111 656 1152 sint,
680 1123 763 1155 quae
784 1113 891 1157 adepti
912 1125 1033 1156 sumus,
1057 1116 1216 1148 contraria

473 1164 581 1208 potius
610 1164 806 1209 expetamus.
841 1167 918 1200 Nam
950 1178 1032 1212 quae
1058 1170 1217 1213 patefacta

475 1222 561 1258 sunt,
583 1229 758 1262 quaerere;
780 1230 863 1263 quae
890 1221 1035 1264 perfecta
1056 1227 1140 1263 sunt,
1161 1233 1215 1256 re-

473 1275 623 1311 tractare;
640 1277 671 1305 et
683 1271 703 1312 ²,
720 1282 802 1315 quae
820 1278 894 1306 sunt
912 1273 1074 1314 definita⁸,
1088 1276 1217 1308 convel-

474 1323 552 1364 lere,
571 1324 648 1367 quid
663 1325 750 1358 aliud
768 1331 826 1365 est,
847 1337 942 1369 quam
959 1327 998 1360 de
1012 1327 1135 1371 adeptis
1147 1338 1218 1371 gra-

475 1376 533 1410 tias
552 1387 618 1410 non
636 1378 768 1418 referre,
793 1384 823 1412 et
843 1379 882 1412 ad
908 1379 1096 1414 interdictae
1116 1382 1214 1415 arho-

474 1430 517 1462 ris
532 1430 639 1463 cibum
653 1431 663 1447 ‘²
677 1431 843 1475 improbos
857 1433 1018 1476 appetitus
1033 1434 1218 1468 mortiferae

475 1482 659 1526 cupiditatis
680 1485 878 1518 extendere?
897 1486 988 1519 Unde
1007 1486 1083 1530 quia
1096 1487 1134 1520 ad
1156 1498 1216 1536 pag

475 1547 544 1569 cem
565 1536 755 1570 universalis
781 1538 951 1579 Ecclesiae,
976 1544 1007 1572 et
1035 1540 1075 1572 ad
1106 1545 1216 1573 custo-

475 1589 559 1622 diam
575 1590 752 1624 catholicae
769 1591 845 1625 fidei
867 1603 944 1625 cura
965 1592 1143 1635 dignamini
1156 1594 1217 1627 sol-

475 1642 613 1675 licitiore
640 1644 816 1687 respicere,
851 1645 1016 1678 evidenter
1046 1646 1220 1688 agnoscitis

475 1696 563 1738 quod
581 1696 705 1739 magnis
722 1697 959 1732 haeretieorum
987 1699 1123 1732 audetur
1142 1699 1219 1732 insi-

476 1749 548 1790 diis,
566 1754 602 1782 ut
622 1749 706 1782 inter
726 1751 877 1795 Eutychis
895 1751 1104 1796 Dioscoriime
1126 1753 1219 1786 disci-

476 1802 580 1845 pulos,
605 1808 636 1836 et
668 1814 753 1843 enm,
778 1814 874 1847 quem
906 1805 1089 1849 Apostolica
1121 1806 1218 1839 Sedes

476 1855 637 1897 direxerit,
655 1857 851 1899 diligentior,
869 1863 1033 1902 tamquam
1047 1859 1127 1892 nihil
1143 1860 1215 1893 sue-

476 1908 517 1941 rit
534 1914 608 1942 ante
630 1909 812 1951 definitum,
830 1916 981 1945 tractatus
1001 1912 1169 1952 habeatur,
1188 1918 1219 1945 et

476 1963 564 2005 quod
597 1963 692 1996 totius
718 1964 830 1997 mundi
865 1965 1014 1998 catholici
1036 1967 1218 2000 sacerdotes

475 2016 508 2048 in
528 2022 639 2049 sancta
650 2017 660 2032 ⁵
674 2017 926 2051 Chalcedonensi
939 2020 1063 2064 synodo
1076 2020 1217 2063 probant

476 2070 681 2113 gaudentque
694 2070 871 2111 firmatum,
888 2071 920 2104 in
933 2071 1086 2105 iniuriam
1101 2073 1197 2105 etiam
1208 2074 1219 2089 ⁶

476 2122 681 2155 sacratissimi
701 2123 834 2156 Concilii
848 2124 979 2157 Nicaeni
999 2124 1155 2158 efficiatur
1172 2125 1216 2158 in-

513 2230 522 2255 1
544 2238 556 2254 (1
575 2228 673 2265 Pleriq.
690 2229 769 2258 codd.
786 2229 879 2258 delent
898 2231 1105 2265 olm-iostssime
1127 2231 1219 2268 impe-

477 2275 560 2301 rator
577 2282 598 2298 »-
619 2273 746 2300 Ballerin.
764 2274 782 2301 l.
795 2282 817 2301 c.

510 2318 526 2344 ἓ
550 2329 562 2343 «1
582 2319 641 2345 Ι)110
663 2318 730 2346 Vatt.
744 2319 836 2346 delent
852 2323 877 2348 el
894 2330 920 2346 ›>.
937 2319 1056 2347 Cacciar.
1075 2320 1092 2347 l.
1106 2328 1130 2347 c.

513 2363 528 2389 3
544 2373 555 2388 ι(
574 2363 639 2390 Cod.
656 2363 740 2390 Grim.
761 2365 847 2396 finita
861 2374 884 2391 n.
902 2365 1031 2392 Ballerin.
1053 2368 1080 2392 et
1098 2365 1217 2392 Caeciar.

475 2408 503 2434 tt.
524 2416 563 2435 cc.
590 2409 669 2435 Forte
684 2416 839 2435 amanuens.
858 2409 964 2436 mendo.

511 2452 526 2478 4
546 2463 557 2477 «
573 2452 637 2479 Cod.
652 2452 708 2479 Vat.
723 2453 790 2480 1340
801 2453 872 2480 delet
888 2454 981 2481 cibum
992 2464 1016 2481 1).
1033 2452 1150 2480 Cacciar.
1163 2454 1182 2480 l.
1196 2461 1219 2480 c.

478 2493 515 2519 Ex
531 2492 593 2519 vitio
608 2492 716 2528 quidem
732 2501 889 2520 amanueus.

511 2538 527 2564 5
550 2549 562 2562 (ι
578 2538 618 2564 Al.
635 2547 652 2565 α
672 2541 773 2565 sancta
790 2549 817 2565 ».
839 2538 966 2565 Ballcrin.
987 2539 1004 2566 1.
1023 2547 1046 2565 c.

510 2582 526 2608 6
546 2581 630 2609 «Duo
655 2581 738 2610 Vatic.
764 2586 919 2618 expungunt
942 2583 1069 2611 etiam».
1097 2581 1219 2609 Caeciar.

476 2623 526 2649 loc.
541 2621 587 2649 cit.

997 214 1012 235 Α
1019 212 1148 236 rrEanx
1175 213 1325 239 BULLARII
1345 214 1465 239 ROMANI

1248 262 1388 295 firmum.
1413 263 1503 302 Quod
1538 263 1621 296 enim
1645 264 1761 296 nostris
1787 265 1985 309 temporibus
2014 275 2191 313 uernam-riano?

1247 316 1333 361 apud
1347 316 1582 350 Chalcedoneni
1601 316 1639 349 de
1652 317 1778 350 Domini
1800 306 2184 365 11051111651111ἷζηιιῗ1111111113ἷ.Ϊ
2232 362 2233 365 Ἴ

1246 370 1359 405 Christi
1393 369 1614 403 incarnatione
1647 370 1810 403 firmatum
1840 377 1897 412 est,
1925 372 1986 405 1106
2000 361 2194 416 ἓξὲῗὲῗιῗιῗαῗέιῗιῗῗ
2227 365 2230 370 Δ

1247 424 1341 457 etiam
1373 424 1458 467 apud
1490 423 1638 456 Nicaeam
1668 423 1820 468 mysticus
1845 424 1897 457 ille
1922 425 1983 457 Pa-
2002 414 2074 433 'mm'

1248 482 1330 510 trum
1353 486 1507 509 numerus
1521 475 1679 516 delinivit,
1696 486 1736 509 ne
1749 476 1986 510 Catholicorum

1246 528 1406 562 consessio
1432 534 1487 561 aut
1516 528 1717 570 unigenitum
1737 529 1792 562 Dei
1818 529 1933 563 Filium
1955 531 1988 564 in

1246 582 1355 625 aliquo
1374 582 1616 615 crederetPatri
1640 582 1807 626 imparem,
1831 588 1886 616 aut
1899 593 1988 616 eum-

1247 634 1332 675 dem,
1361 644 1432 667 cum
1454 634 1555 667 sactus
1573 640 1619 667 est
1640 635 1723 668 tilius
1744 635 1895 677 hominis,
1922 646 1987 669 non

1248 697 1357 720 veram
1376 687 1481 721 carnis
1507 693 1635 721 nostrae
1661 693 1757 732 atque
1782 689 1985 723 (1111111361ιᾶ-

1247 741 1353 774 huisse
1374 745 1532 774 naturam.
2186 781 2191 786 ,

1293 794 1364 828 CAP.
1396 795 1432 828 ΙΙ,
1465 795 1694 828 Detestandum
1727 805 1804 838 ergo
1831 796 1924 830 nobis
1944 801 1992 831 est
2039 808 2197 839 ism-asam-

1249 854 1557 893 perseveranterque
1588 848 1766 890 vitandum,
1790 850 1877 894 quod
1904 850 1991 884 fraus
2004 835 2201 884 i'r'i›⁵v⁸0¹r³si¹i²s¹⁵s⁰.⁰1i¹f

1250 902 1411 935 haeretica
1424 902 1538 935 nititur
1552 903 1710 944 obtinere,
1727 903 1832 936 necin
1850 903 1991 948 aliquam
2006 888 2129 910 ⁰⁰²⁰⁵²³²⁰¹²

1251 955 1535 999 disceptationem⁷
1551 956 1603 1000 pie
1624 961 1656 990 et
1675 957 1769 1000 plene
1783 956 1925 998 definita,
1939 967 1991 990 re-

1252 1009 1394 1042 vocanda
1418 1014 1503 1048 sunt,
1527 1019 1567 1042 ne
1588 1009 1627 1042 ad
1655 1009 1826 1042 arbitrium
1852 1010 1989 1044 damna-

1252 1066 1358 1095 torum
1387 1061 1446 1105 ipsi
1473 1063 1512 1095 de
1537 1062 1585 1095 his
1614 1062 1782 1095 videamur
1813 1062 1990 1104 ambigere,

1252 1126 1333 1159 quae
1346 1115 1548 1148 manifestum
1571 1121 1627 1156 est,
1649 1126 1706 1159 per
1726 1115 1834 1148 omnia
1854 1115 1994 1160 prophe-

1252 1169 1332 1210 ticis,
1350 1175 1381 1202 et
1401 1169 1602 1212 evangelicis,
1624 1174 1721 1213 atque
1741 1169 1925 1213 apostolicis
1938 1180 1994 1202 au-

1252 1223 1456 1256 ctoritatibus
1476 1233 1665 1257 consonare.
1688 1223 1779 1256 Unde
1792 1222 1817 1256 si
1838 1222 1893 1266 qui
1906 1227 1990 1263 sunt,

1252 1276 1307 1320 qui
1328 1276 1367 1309 ab
1388 1276 1447 1317 liis,
1465 1287 1547 1319 quae
1561 1276 1694 1309 caelitus
1714 1281 1788 1309 sunt
1808 1276 1990 1317 constituta,
2048 1286 2087 1317 oui
2102 1285 2202 1320 definita

1253 1330 1454 1371 dissentiunt,
1478 1330 1542 1363 suis
1574 1330 1780 1374 opinionibus
1801 1314 2202 1387 ι·01111(1111111“οειέῗὲἒ1ὲὲῗςῖἷι’“

1253 1388 1321 1417 tur:
1339 1388 1369 1417 et,
1383 1383 1422 1416 ab
1436 1383 1556 1417 unitate
1571 1383 1729 1417 Ecclesiae
1744 1393 1816 1416 eum
1831 1393 1878 1425 ea,
1895 1393 1993 1427 quam
2008 1372 2107 1415 {illm
2140 1371 2191 1388 '⁵⁸⁰'

1253 1437 1429 1479 elegerunt,
1463 1437 1671 1481 perversitate
1703 1437 1879 1470 discedant.
1913 1437 1994 1470 Nam

1253 1491 1342 1524 nullo
1378 1491 1475 1524 modo
1506 1490 1577 1524 ficri
1613 1495 1718 1535 potest
1743 1494 1778 1523 ut
1801 1489 1857 1534 qui
1878 1489 1993 1523 divinis

1253 1545 1371 1578 audent
1392 1545 1614 1579 contradicere
1635 1544 1856 1585 sacramentis,
1887 1543 1996 1588 aliqua

1253 1598 1346 1632 nobis
1371 1598 1600 1632 communione
1625 1598 1798 1633 socientur.
1822 1598 1943 1631 lactent
1962 1607 1996 1631 se
2184 1639 2187 1641 ,

1254 1653 1284 1686 111
1305 1651 1353 1685 sui
1375 1651 1495 1695 eloquii
1516 1651 1675 1692 vanitate,
1697 1657 1726 1684 et
1745 1652 1783 1685 de
1815 1661 1992 1693 argumen-
2009 1657 2194 1707 ‹affigaffiimwffi—

1254 1705 1410 1738 tatiouum
1433 1715 1563 1738 suarum
1588 1705 1737 1744 versutia,
1765 1715 1847 1748 quae
1866 1704 1997 1737 inimica
2011 1713 2068 1734 «ium.
2172 1708 2175 1709 ’
2196 1711 2197 1717 ’
2231 1698 2233 1705 ⁴

1253 1765 1300 1793 est
1320 1759 1407 1799 fidei,
1436 1759 1629 1802 glorientur:
1654 1759 1747 1793 nobis
1778 1759 1883 1802 placet
1905 1759 1993 1802 Apo-

1252 1813 1323 1846 stoli
1339 1812 1474 1846 obedire
1487 1812 1679 1857 praeceptis,
1693 1812 1828 1846 dicentis
1840 1812 1869 1844 ⁸:
1889 1812 1997 1845 Videte

1252 1878 1290 1900 ue
1310 1867 1384 1910 quis
1408 1877 1461 1899 vos
1485 1866 1647 1909 decipiat9
1665 1877 1723 1910 per
1745 1865 1993 1910 philosophiam

1252 1925 1280 1953 el
1302 1921 1435 1952 inanem
1460 1919 1676 1952 seductionem
1703 1919 1884 1952 homimem.
1913 1919 1998 1952 Nam

1252 1973 1429 2006 secundum
1453 1972 1596 2005 ozemdem
1624 1971 1829 2016 Apostolum,
1862 1972 1892 2004 si
1912 1982 1996 2016 quae

1253 2026 1411 2067 destruat,
1440 2025 1515 2058 leaeo
1540 2025 1683 2068 aedifico,
1701 2025 1998 2069 praevaricatorem

1255 2090 1302 2112 me
1321 2080 1481 2112 constituo
1494 2077 1527 2120 ¹⁰,
1550 2083 1582 2112 et
1601 2078 1646 2112 eis
1666 2089 1717 2111 me
1734 2078 1896 2111 ultionum
1914 2088 1994 2111 con-

1254 2132 1430 2166 ditionibus
1443 2133 1559 2181 subdo,
1576 2143 1657 2176 quas
1677 2142 1743 2165 non
1762 2131 1867 2165 solum
1885 2135 1997 2165 aucto-

1290 2239 1304 2265 7
1326 2249 1337 2263 α
1356 2238 1420 2266 Cod.
1438 2238 1540 2275 Ratisp.
1557 2247 1606 2266 nec
1628 2238 1731 2273 aliqua
1747 2239 1955 2274 disceptatione
1971 2247 1996 2265 ».
2012 2265 2016 2270 ,

1254 2274 1382 2302 Ballerin.
1401 2274 1419 2301 l.
1436 2284 1459 2301 c.

1289 2319 1304 2345 8
1326 2328 1337 2343 «
1356 2318 1398 2345 ΛΙ.
1411 2318 1575 2353 apostolicis
1584 2318 1695 2346 obedire
1707 2319 1880 2353 praeceptis,
1898 2318 1995 2346 dicen-

1255 2354 1329 2382 libus
1344 2365 1370 2381 u.
1393 2354 1519 2381 Ballerin.
1536 2355 1554 2381 l.
1567 2363 1590 2381 c.
1609 2358 1635 2381 et
1655 2353 1774 2381 Caeciar.
1788 2362 1850 2389 pag.
1865 2354 1928 2381 450.

1289 2399 1305 2426 9
1329 2409 1340 2423 α
1357 2398 1413 2425 1)110
1431 2399 1503 2426 Vatt.
1520 2399 1636 2425 seducat
1654 2407 1678 2425 ».
1695 2398 1814 2425 Caeciar.
1832 2397 1850 2425 l.
1867 2406 1890 2424 c.
1912 2397 1999 2425 Minus

1255 2433 1334 2461 bene.

1291 2474 1325 2500 10
1340 2474 1442 2501 Coloss.
1458 2481 1486 2508 11,
1496 2476 1522 2508 8,
1535 2474 1582 2501 ubi
1597 2473 1676 2508 Vulg.
1688 2473 1764 2508 legit.
1779 2473 1876 2501 ridete
1887 2481 1923 2500 ne
1934 2473 1999 2508 quis

1256 2518 1302 2536 vos
1312 2510 1435 2545 decipiat
1447 2518 1500 2544 per
1516 2509 1747 2545 philosophiam.
1764 2512 1790 2536 et
1808 2509 1929 2536 inanem
1939 2509 1999 2543 fal-

1238 2569 1240 2583 ,
1257 2545 1363 2572 tat-iam
1384 2546 1541 2572 secundum
1565 2545 1755 2573 traditionem
1770 2545 1926 2571 homimem.

1294 2587 1322 2612 tt
1343 2584 1426 2612 Galat.
1440 2591 1468 2619 u,
1483 2586 1525 2618 18,
1542 2584 1588 2612 ubi
1612 2584 1689 2620 Vulg.
1707 2584 1789 2620 legit:
1808 2584 1911 2613 iterum
1931 2583 1999 2611 haec

1257 2621 1386 2657 aedifico.
