2244 3183
63 214 116 242 Διι.
133 213 160 242 C.
176 213 228 242 453

91 753 165 776 tatiani
173 753 250 774 titteris

65 780 168 803 met-ibit.

99 1551 203 1575 Quantum
213 1551 256 1572 Leo

40 1588 45 1589 ν
72 1577 93 1599 in
107 1578 202 1599 haeresis
211 1583 258 1603 pet·-

71 1604 149 1625 niciam
172 1604 257 1626 labora-

915 210 940 233 S.
966 209 1028 234 LEO
1050 210 1060 234 1
1079 211 1128 234 Pr‘.

443 258 627 293 EPISTOLA
652 257 782 293 LXXVII
795 256 814 290 ⁴.

261 366 395 401 Iuliano
416 366 591 399 rescribens
615 375 688 398 eum
714 365 876 403 hortatur,
905 368 941 396 nt
967 363 1020 402 inl

301 428 488 474 parricidas
497 428 721 464 Alexandriae
731 427 904 460 monachos
915 426 951 459 M
950 437 968 459 α
973 437 1003 458 r-

305 493 396 525 ciani
419 492 524 525 zelum
549 491 675 525 excitet.

306 600 362 629 Leo
379 600 536 635 episcopus
553 601 669 628 Iuliano
690 599 793 628 coensi
810 599 959 634 episcopo.

308 691 380 726 CAP.
404 692 426 724 Ι.
454 692 588 725 Litteras
609 691 790 725 dilectionis
815 697 899 730 tuae,
927 693 1023 734 quas

264 755 324 789 per
355 745 457 778 titium
489 756 595 778 meum
617 745 720 778 virum
753 745 911 778 illustrem
932 744 1023 788 Esy-,

265 798 373 831 chium
386 797 397 816 ⁹
417 798 570 839 direxisti,
589 809 626 832 eo
639 804 786 842 tempore
797 797 918 841 accepi,
942 807 1007 840 quo

265 851 499 885 recentioribus
533 851 677 895 epistolis
706 851 767 884 tuis
799 851 912 884 iterata
944 850 1006 882 iam

265 905 433 938 occasione
451 905 693 949 responderam.
712 904 802 938 Unde
820 904 896 948 quia
911 903 1007 936 etiam

265 958 298 990 in
322 957 371 990 his
396 958 546 1002 alloquiis
572 958 634 991 tuis
659 958 771 991 eadem
793 958 832 990 de
856 957 1008 1000 impiissi-

267 1011 326 1045 mis
340 1011 510 1045 haereticis
529 1011 611 1045 iusto
624 1011 737 1045 dolore
750 1016 945 1055 conquestus
962 1022 1005 1053 es,

266 1075 447 1108 congruum
474 1065 543 1106 fuit,
568 1065 642 1109 quia
663 1065 824 1098 scribendi
846 1071 1006 1108 opportu-

266 1119 349 1152 nitas
370 1119 482 1159 extitit,
499 1130 564 1152 non
580 1125 696 1152 tacere.
721 1119 756 1152 ln
782 1129 876 1152 causa
902 1119 1009 1164 itaque

267 1172 361 1211 fidei,
397 1172 552 1216 quicquid
581 1183 640 1216 pro
676 1178 787 1206 nostro
820 1172 927 1205 officio
959 1173 1009 1215 agi

267 1225 371 1270 potuit
381 1225 392 1242 ³
403 1236 440 1258 ac
452 1231 557 1270 potest
567 1226 587 1267 ⁴,
601 1226 729 1259 iuvante
742 1226 890 1265 Domino,
905 1232 935 1259 et
949 1227 1012 1260 sol—

267 1278 353 1312 licite
372 1285 402 1312 et
426 1279 566 1312 libenter
580 1279 792 1323 exequimur:
815 1285 848 1313 ut
870 1280 1012 1322 Evange-

268 1332 311 1365 lio
337 1332 451 1366 Christi
473 1333 803 1376 irreprehensibiliter
823 1333 1009 1370 serviamus,

269 1396 309 1418 ne
337 1397 395 1429 per
420 1386 575 1419 desidiam
600 1393 742 1420 nostram
764 1388 829 1420 ulla
854 1398 929 1431 pars
949 1388 1010 1420 Ec-

271 1439 386 1473 clesiae
398 1440 576 1473 catholicae
601 1441 747 1483 neglecta
768 1441 1014 1474 visteaunnPro-

270 1499 341 1537 pter
353 1494 451 1537 quod,
468 1494 550 1527 sicut
570 1494 721 1527 omnibus
742 1500 854 1527 notum
874 1500 932 1535 est,
949 1505 1012 1527 non

272 1546 378 1580 destiti
402 1548 562 1587 laborare,
580 1554 611 1581 ut
632 1549 833 1582 manifestata
851 1555 946 1592 atque
961 1550 1015 1582 de-

273 1600 361 1634 fensa
385 1602 618 1635 Incarnationis
647 1602 828 1635 dominicae
868 1602 1011 1641 veritate,

273 1654 378 1688 omnis
392 1655 586 1695 fraternitas,
604 1655 680 1699 quid
702 1655 823 1699 ubique
834 1656 1013 1689 secundum

274 1709 452 1742 doctrinam
475 1709 697 1753 apostolicam,
726 1715 754 1742 et
782 1710 958 1743 tenendum
985 1715 1012 1742 et

274 1763 455 1796 docendum
483 1769 575 1802 esset,
617 1769 818 1805 agnosceret,
842 1763 1014 1796 accedente

273 1816 582 1859 gloriosissimorum
604 1817 790 1861 Principum
809 1817 916 1850 studio
937 1817 1017 1850 divi-

274 1870 360 1904 nitus
385 1871 551 1915 inspirato,
575 1871 660 1904 utin
690 1871 816 1904 civitate
841 1871 1017 1904 Chalcedo-

274 1924 364 1957 nensi
385 1924 508 1968 synodo
537 1930 743 1967 congregata,
770 1924 931 1957 haeretica
963 1924 1017 1957 da-

276 1982 442 2010 mnaretur
468 1977 627 2020 impietas,
645 1988 684 2010 ne
709 1978 756 2011 vel
772 1977 944 2021 quisquam
966 1988 1017 2011 se-

276 2035 378 2064 ctator
393 2030 541 2067 Nestorii,
555 2031 602 2063 vel
624 2031 707 2063 ullus
727 2030 903 2074 discipulus
915 2031 1015 2075 Euty-

276 2082 343 2115 chis
356 2082 493 2116 liberum
506 2083 605 2126 possit
623 2093 694 2115 rum
715 2083 882 2116 catholicis
897 2084 1016 2116 babere

277 2136 486 2170 consortium:
512 2147 584 2169 cum
600 2137 684 2179 quod
712 2137 750 2169 ad
772 2136 1016 2170 sauctiConcilii

277 2190 500 2223 auctoritatem
528 2190 677 2233 pertinet,
701 2191 789 2224 nulla
810 2201 946 2233 usquam
971 2201 1018 2223 re-

277 2244 429 2276 manserit
457 2244 629 2277 discordia.
648 2245 677 2278 Si
691 2244 743 2288 qui
766 2251 870 2277 autem
893 2256 949 2277 sua
964 2245 1038 2277 oli-‘¹

318 2362 324 2387 l
347 2361 383 2388 Ex
400 2361 465 2388 edit.
491 2360 620 2388 Ballerin.
646 2361 716 2396 Opp.
744 2362 772 2387 S.
795 2361 898 2388 Leonis
915 2364 980 2388 tom.
1002 2367 1021 2394 1,

280 2406 331 2433 col.
350 2406 428 2433 1210.

315 2450 332 2478 2
349 2461 360 2477 ι
381 2451 422 2478 ΑΙ.
447 2451 588 2478 Isichium
604 2450 644 2477 vel
667 2450 784 2478 Isicz'um
803 2450 841 2477 vel
868 2450 973 2478 [sicum
997 2461 1020 2477 ι.

281 2495 409 2523 Ballerin.
422 2495 440 2522 l.
458 2504 482 2523 c.
498 2494 650 2523 etCacciar.
669 2495 738 2530 Opp.
751 2495 781 2522 S.
794 2495 897 2522 Leonis
913 2499 982 2531 part.
994 2502 1021 2530 tt,

282 2548 342 2576 pag.
358 2540 420 2568 355.

317 2585 334 2612 3
352 2595 364 2610 α
378 2584 444 2613 Cod.
460 2585 519 2612 Vat.
542 2585 611 2612 1340
626 2592 686 2611 cuin
705 2584 740 2611 al.
761 2585 854 2619 officio
879 2585 1021 2619 oportuit,

283 2629 371 2658 deleto
387 2629 469 2657 verbo
485 2630 535 2665 aqi
548 2640 575 2656 ιο.
592 2629 711 2657 Caeciar.
726 2629 744 2655 l.
763 2637 790 2656 c.

1686 199 1750 233 115
1814 210 1861 236 An.
1880 210 1909 237 c.
1928 210 1978 238 453

1037 258 1206 292 duratione
1227 259 1359 299 caecati,
1384 259 1427 292 ita
1451 258 1483 291 in
1508 258 1639 302 reprobi
1665 269 1776 291 sensus
1833 273 1863 292 ,m
1881 273 1979 301 mumm-

1037 312 1209 345 amentiam
1236 312 1444 352 transierunt‚
1470 318 1505 345 ut
1524 312 1635 345 malint
1655 312 1773 349 furere.
1793 299 1979 345 issssist'ffiiinss'cc'issss

1037 376 1134 408 quam
1159 366 1276 405 sanari,
1294 366 1334 399 ad
1348 366 1548 410 imperialem
1570 366 1706 409 pertinet
1722 376 1779 409 po·
1794 352 1980 404 {¹22⁶cssfilsssslfllssl‘2‘.

1037 424 1194 459 testatem,
1210 425 1245 451 ut
1269 419 1511 462 perturbatores
1526 419 1758 452 ecclesiasticae
1769 419 1779 435 ⁵

1038 472 1136 515 pacis,
1149 477 1179 505 et
1188 472 1397 515 reipublicae,
1410 472 1681 516 quaechristianis
1689 472 1780 505 Prin-

1039 525 1164 569 cipibus
1189 525 1305 558 merito
1330 525 1498 567 gloriatur,
1528 525 1649 557 inimici
1686 525 1777 558 solli-

1040 578 1132 612 citius
1157 578 1424 622 comprimantur.

1084 633 1156 667 CAP.
1184 632 1221 665 tl.
1245 632 1281 665 Ut
1309 632 1440 665 autem⁶
1465 632 1641 676 imperialis
1666 638 1723 673 cst,
1748 639 1779 665 ut
1811 643 1982 665 cassaverat:-

1041 687 1189 727 diximus,
1206 686 1383 730 potestatis,
1401 686 1557 718 tumultus
1577 685 1724 729 publicos
1746 696 1782 719 ac
1798 671 1983 727 Ξῗέἕῖὲιυᾞὲίἓῖῗῖ

1041 741 1214 774 seditiones
1239 740 1411 782 sacrilegas
1442 740 1582 773 severius
1613 750 1779 776 coerrere;
1798 724 1983 770 iffissi‘ssfffmpn'

1042 795 1084 827 ita
1098 794 1300 827 auctoritatis
1321 799 1364 826 est
1382 793 1602 831 sacerdotatis,
1617 793 1783 826 monacbis

1042 847 1251 892 praedicandi
1272 847 1412 890 aliquam
1434 853 1547 879 contra
1568 846 1663 879 tidem
1686 846 1784 879 licen-

1043 902 1118 935 tiam
1144 912 1209 934 non
1223 901 1391 944 praebere,
1409 906 1438 933 et
1461 900 1548 932 omni
1565 900 1679 932 virtute
1700 899 1781 932 resi-

1043 961 1137 997 stere,
1150 966 1190 988 ne
1204 965 1251 994 ea,
1268 965 1350 999 quae
1363 954 1403 986 act
1414 954 1598 987 sacerdotes
1608 953 1781 997 pertinent,

1043 1010 1102 1042 sibi
1130 1010 1269 1043 audeant
1294 1008 1469 1042 vindicare.
1497 1007 1587 1041 Unde
1627 1007 1785 1039 miramur

1045 1063 1175 1095 fratrem
1220 1061 1418 1094 Thalassium
1452 1060 1651 1104 episcopum,
1699 1060 1785 1103 quod
1949 1072 1986 1105 '¹5⁴‘

1043 1116 1182 1159 Georgio
1202 1116 1312 1149 nescio
1330 1115 1392 1154 cui,
1416 1115 1470 1158 qui
1491 1114 1729 1158 praesumendo
1751 1113 1786 1145 il-
1802 1096 1987 1160 tqt's‘ssiussiiss'rfssiss‘d

1045 1170 1129 1203 licita
1155 1175 1186 1203 et
1204 1169 1405 1213 propositum
1436 1168 1585 1201 monachi
1609 1173 1637 1201 et
1668 1177 1786 1200 nomen
1802 1150 1989 1213 {filliissiitiiiyeffl'iti

1045 1223 1162 1263 amisit,
1175 1222 1335 1256 scribendi
1352 1223 1399 1254 vel
1418 1221 1625 1265 praedicandi
1646 1220 1785 1263 aliquam
1804 1205 1935 1228 ‘'¹¹¹'⁰'['⁸s'¹'

1046 1277 1226 1321 permiserit
1248 1277 1443 1309 facultatem.
1473 1276 1519 1308 Ad
1541 1285 1636 1318 quem
1663 1274 1787 1317 episco-

1048 1341 1135 1374 pum,
1163 1331 1186 1363 si
1215 1329 1378 1363 dilectioni
1404 1335 1477 1362 tuae
1502 1329 1603 1361 visum
1623 1327 1728 1367 suerit,
1753 1338 1788 1359 ex

1047 1386 1104 1417 hac
1118 1390 1208 1428 parte
1221 1383 1438 1427 competentia
1456 1382 1575 1426 scripta
1588 1382 1753 1414 mittemus
1765 1381 1783 1412 ⁷.

1048 1441 1127 1481 Agat
1157 1439 1264 1482 itaque
1295 1438 1478 1471 fraternitas
1512 1443 1564 1469 tua
1599 1434 1788 1479 opportunis

1047 1492 1319 1535 suggestionibus,
1346 1497 1378 1523 ut
1401 1489 1669 1523 clementissimus
1692 1487 1786 1520 Prin-
1805 1496 1990 1543 sat.i'.¹'0'l‚‘illt¹.³'lll¹.

1049 1557 1133 1589 ceps,
1155 1556 1237 1589 quae
1262 1545 1397 1578 Domino
1418 1549 1492 1576 sunt
1511 1543 1680 1587 placitura,
1696 1552 1789 1585 prae·
1806 1551 1990 1574 centoresrerun-

1806 1578 1926 1602 pcraloretn
1945 1581 1991 1600 gia-

1049 1600 1156 1644 cipiat,
1185 1606 1214 1633 ct
1237 1600 1418 1632 incentores
1439 1604 1644 1631 cruentarum
1659 1597 1790 1629 seditio·
1807 1609 1852 1623 vius
1867 1602 1967 1628 cumeum

1049 1664 1125 1686 num
1156 1653 1263 1686 iubeat
1300 1648 1535 1696 competentius
1565 1650 1723 1690 coerceri,
1757 1655 1791 1682 ut

1844 1070 1931 1089 §tn-atm-

1030 1742 1032 1749 ,
1051 1707 1161 1740 necilli
1172 1707 1182 1723 ⁸
1197 1707 1345 1750 impuniti
1357 1706 1429 1747 sint,
1441 1715 1580 1749 quorum
1593 1715 1707 1737 manus
1720 1713 1789 1736 sce-

1051 1763 1115 1795 lera
1145 1766 1391 1804 perpetrarunt,
1425 1770 1483 1792 nec
1515 1759 1558 1791 illi
1594 1758 1647 1803 qui
1681 1757 1792 1790 talium

1050 1821 1185 1848 utuntur
1206 1813 1338 1846 insania.
1363 1813 1392 1847 Si
1415 1818 1523 1845 autem
1549 1811 1714 1855 inquisitio
1741 1810 1790 1843 iu-

1051 1868 1184 1902 diciaria
1207 1873 1238 1901 et
1258 1867 1415 1900 consessio
1441 1876 1571 1900 reorum
1592 1866 1632 1899 ad
1657 1875 1710 1898 cas
1720 1875 1793 1908 per-

1051 1932 1145 1956 sonas
1169 1920 1327 1965 pervenit,
1355 1931 1492 1964 quarum
1519 1920 1566 1952 vel
1585 1919 1719 1952 consilio
1747 1919 1791 1951 vel

1053 1976 1193 2020 impulsu
1215 1975 1299 2007 mala
1320 1979 1406 2007 tanta
1427 1973 1599 2007 commissa
1619 1978 1703 2013 sunt,
1723 1972 1794 2005 nul—

1054 2029 1112 2062 lius
1138 2029 1253 2062 favoris
1279 2029 1323 2062 eis
1352 2034 1426 2061 sunt
1447 2027 1637 2071 praestanda
1666 2026 1789 2059 solatia.

1053 2082 1212 2121 Quantum
1234 2082 1318 2114 enim
1334 2081 1467 2114 meliora
1482 2081 1522 2114 de
1543 2080 1618 2124 ipsis
1638 2085 1793 2112 suntcre-
1810 2082 1994 2129 .2,t¹⁷:l'.-'t¹1;¹,-il⁴.‚‘.l‘l¹?‚

1054 2136 1131 2176 dita,
1148 2141 1237 2169 tanto
1257 2142 1330 2168 sunt
1344 2135 1483 2179 amplius
1504 2133 1693 2173 detestandi,
1714 2135 1994 2182 quo-2:;;„;¹·¹1·*,²,¹;::;·,¹;

1055 2201 1124 2223 rum
1141 2200 1226 2223 nunc
1242 2189 1400 2233 impietas,
1422 2198 1503 2232 qnae
1522 2198 1579 2231 per
1599 2186 1792 2231 hypocrisim
1811 2189 1857 2209 ἴω
1874 2188 1954 2208 *el-¹⁰¹>

1055 2244 1158 2277 tuerat
1170 2244 1282 2284 reluta,
1295 2243 1466 2285 detegitur.
1480 2242 1515 2275 Et
1536 2242 1608 2275 ideo
1621 2248 1694 2284 agat
1712 2240 1795 2273 cbri—

1091 2361 1106 2388 4
1125 2373 1136 2386 a
1148 2361 1187 2388 At.
1201 2368 1389 2396 possumus».
1407 2358 1533 2386 Ballerin.
1550 2359 1566 2386 l.
1585 2368 1609 2386 c.

1091 2407 1107 2434 5
1127 2417 1139 2431 ‹<
1154 2406 1194 2432 Al.
1213 2405 1354 2433 Ecclesiae
1370 2416 1395 2431 ιι,
1414 2404 1543 2432 Ballerin.
1559 2404 1611 2431 col.
1628 2402 1708 2430 1211.

1091 2450 1108 2477 ὓ
1125 2462 1137 2475 «
1149 2450 1205 2477 Duo
1214 2450 1286 2477 Vatt.
1297 2450 1375 2477 L'nde
1384 2452 1481 2477 aulem
1490 2460 1501 2474 »
1510 2470 1516 2476 .
1528 2448 1646 2476 Cacciar.
1656 2448 1672 2475 l.
1681 2457 1704 2475 c.
1715 2448 1794 2475 Male.

1091 2495 1107 2522 7
1127 2506 1138 2520 t(
1153 2495 1235 2522 Antea
1257 2494 1328 2530 vulg.
1350 2502 1492 2530 perperam
1517 2494 1669 2521 millamus
1683 2503 1708 2519 ».
1737 2492 1796 2519 nat-

1057 2540 1134 2568 lerin.
1153 2540 1170 2567 l.
1187 2548 1209 2567 c.

1091 2583 1106 2610 8
1126 2594 1139 2609 x
1158 2583 1296 2616 Quesnell.
1313 2587 1406 2611 contra
1429 2582 1507 2611 codd.
1523 2583 1594 2611 idern
1610 2582 1682 2610 delet
1705 2581 1751 2608 illi
1768 2591 1794 2606 n.

1056 2628 1184 2657 Ballerin.
1201 2629 1220 2656 l.
1234 2636 1258 2656 c.
1273 2632 1301 2656 et.
1319 2628 1436 2657 eacciar.
1453 2636 1514 2664 pag.
1530 2628 1591 2655 356.
