2244 3183
216 209 267 236 An.
289 208 316 236 C.
335 208 388 237 535

237 1601 301 1621 Suum
311 1607 360 1626 erg-i
370 1601 406 1621 im·

223 1630 343 1653 paratorum

223 1655 320 1680 sequium
343 1656 406 1675 testa-

453 199 518 233 5114

416 258 511 291 licam
536 257 650 291 Sedem
680 255 844 289 charitatis
865 260 896 288 et
921 254 1160 288 munificentiae

418 311 516 345 titulis
537 309 703 350 elevastis,
734 315 770 342 ut
790 309 859 353 ipsa
883 309 980 342 etiam
1001 309 1160 342 desideria

416 363 615 407 sperantium
639 362 846 396 transiretis?
874 363 911 395 Et
939 362 1072 406 quidem
1097 362 1159 395 boe

417 417 449 450 in
463 417 552 450 vobis
566 416 656 456 olim,
679 415 762 449 sicut
782 426 841 458 ego
860 425 992 459 quoque
1009 415 1155 459 probavi,

416 480 474 513 per
490 469 545 502 Dei
574 468 710 511 gratiam
735 478 864 512 semper
891 467 1002 501 floruit
1026 467 1156 501 institu-

417 527 507 562 tum,
537 527 571 554 ut
595 521 820 565 possibilitatis
844 526 968 554 vestrae
1006 521 1158 554 meritum

416 575 577 620 quantitas
597 576 783 609 ostenderet
806 575 1051 620 praestitorum,
1068 581 1099 609 et
1119 576 1159 609 ad

416 630 475 663 bos
506 635 677 673 provectus
709 629 881 673 indeptae¹
907 635 1072 664 momenta
1102 640 1159 674 po-

418 684 535 718 tentiae
560 684 753 725 tenderetis,
785 689 820 717 ut
851 683 1044 726 benignitas,
1068 684 1159 717 vohis

418 737 570 781 ingenita,
591 742 665 770 vota
686 737 889 782 poscentium
912 743 967 771 aut.
990 737 1160 782 praeveni-

420 798 477 833 ret,
494 797 549 825 aut
565 791 720 825 vinceret.
737 791 819 825 Hinc
833 797 878 825 est
894 792 981 836 quod
999 803 1100 836 usque
1118 792 1158 825 ad

416 845 605 891 principalis
619 856 761 879 coronae
775 845 911 889 fastigia,
928 852 958 879 et
971 846 1057 880 ultra
1074 856 1160 880 nunc

417 911 519 944 usque
539 899 704 944 prosperis
725 904 838 933 vestra
853 899 1069 944 tranquillitas
1090 910 1161 933 suc-

419 954 560 988 cessibus
581 953 740 996 gloriatur
752 952 774 994 ²,
795 963 901 997 neque
926 964 1071 998 unquam
1090 964 1160 987 cae-

418 1009 551 1042 lestibus
589 1007 793 1041 fraudabitur
831 1007 1048 1048 adiumentis,
1085 1007 1162 1051 quia

419 1062 574 1106 scriptum
593 1067 660 1094 est:
681 1060 906 1105 Dili'yentibus
925 1061 1030 1094 Deum
1050 1062 1162 1095 omma.

420 1119 634 1159 cooperantur
657 1114 693 1147 in
718 1115 838 1147 bonum
851 1114 871 1147 ³.
896 1114 988 1147 Unde
1005 1124 1064 1157 ego
1082 1124 1162 1158 quo-

420 1179 482 1214 que
502 1168 648 1212 piissima
667 1173 791 1201 vestrae
811 1167 1014 1201 liberalitatis
1035 1167 1163 1212 eloquia

421 1232 492 1254 cum
508 1221 677 1254 devotione
691 1220 881 1263 gratulantis
893 1220 1058 1261 ecclesiae,
1081 1220 1163 1254 sicut

420 1274 640 1319 praecepistis,
658 1273 773 1307 divinis
791 1273 909 1317 scripta
925 1273 983 1306 feci
1005 1273 1163 1318 mysteriis

421 1329 612 1369 adhaerere,
635 1333 670 1361 ut
694 1338 854 1371 supernae
876 1327 1050 1360 maiestatis
1071 1328 1164 1360 obtu-

425 1382 510 1415 tibus
541 1381 710 1414 indefessis
741 1391 869 1424 semper
896 1381 1048 1425 precibus
1069 1381 1161 1423 inge—

422 1441 545 1476 rantur,
567 1440 598 1468 et
622 1435 662 1468 ad
682 1434 888 1478 impetranda
907 1434 997 1468 vobis
1017 1434 1162 1468 retribu-

422 1488 519 1522 tionis
536 1492 660 1521 vestrae
679 1487 824 1532 praemia
841 1487 882 1521 sit
895 1487 1164 1521 commemoratio

421 1541 630 1585 sempiterna.
672 1542 778 1585 Atque
809 1540 905 1582 ideo,
934 1540 1065 1574 domine
1099 1541 1164 1574 cle-

423 1593 622 1629 mentissime
642 1595 709 1636 fili,
733 1595 927 1638 obsequium
962 1594 1165 1628 salutationis

422 1649 607 1683 uberrimae
621 1654 807 1682 reverenter
821 1649 999 1688 exsolvens,
1016 1647 1165 1692 specialis

423 1713 477 1736 vos
495 1702 634 1736 sinibus⁴
648 1701 812 1736 eharitatis
826 1702 1015 1745 amplector,
1032 1711 1165 1744 sperans

422 1762 456 1789 ut
478 1757 517 1789 de
539 1766 610 1789 mea
641 1755 831 1796 devotione,
861 1760 1017 1799 quantum
1050 1754 1082 1786 in
1115 1764 1165 1787 me

424 1817 481 1851 est,
505 1810 537 1843 in
562 1810 599 1843 iis
624 1820 707 1854 quae
735 1819 794 1853 pro
816 1808 1051 1842 ecclesiasticae
1077 1808 1165 1852 pacis

424 1864 547 1897 unitate
567 1863 766 1908 praecipitis,
790 1873 845 1896 vos
858 1862 949 1895 vobis
962 1862 1068 1906 potius
1082 1873 1164 1905 quae

423 1923 498 1950 sunt
516 1917 676 1950 catholica
689 1916 894 1960 promittatis,
906 1915 992 1948 iuxta
1005 1915 1067 1948 hoe
1078 1916 1164 1959 quod

424 1971 503 2004 dicit
540 1971 726 2014 apostolus:
748 1970 802 2003 Ila
835 1969 922 2013 quod
955 1970 992 2001 in
1026 1980 1076 2001 me
1106 1973 1162 2009 est,

421 2029 611 2068 promptum
643 2029 687 2057 est
718 2028 746 2057 et
770 2023 889 2057 vobis&
913 2023 977 2056 Nec
999 2022 1031 2055 in
1056 2022 1164 2066 aliquo

424 2088 548 2118 eorum,
562 2077 594 2110 in
609 2077 725 2121 quibus
737 2077 823 2110 licite
835 2087 1006 2120 possumus
1018 2076 1162 2117 obedire,

462 2215 470 2240 1
491 2213 607 2241 Inditae
619 2213 703 2240 Baron
720 2235 727 2248 ‚
740 2213 785 2249 qui
797 2212 830 2240 ad
840 2220 924 2248 marg.
934 2215 1009 2239 notat
1019 2212 1164 2248 indeptae,

424 2259 465 2286 vel
477 2259 612 2293 inclytae.

459 2304 475 2330 2
492 2303 530 2330 lta
553 2307 580 2330 et
602 2303 659 2330 citt.
676 2303 769 2336 codd.;
785 2303 860 2330 Cont.
877 2303 970 2330 Const.
988 2311 1050 2330 mss.
1067 2306 1167 2337 qratia-

426 2349 515 2376 latur.

460 2393 475 2419 3
492 2393 567 2420 llom.
585 2400 644 2426 vin,
661 2393 705 2419 28.

460 2438 475 2464 [ι
491 2438 640 2473 Perperam
656 2437 751 2464 Ilaron.
767 2438 882 2473 finibus.

460 2482 477 2508 5
493 2481 570 2509 Rom.
600 2489 619 2513 1,
647 2482 689 2516 15,
716 2481 761 2508 ubi
782 2481 866 2517 tegit:
894 2482 937 2510 Ila
961 2482 1049 2517 (quod
1064 2482 1096 2509 in
1114 2482 1169 2515 me)
1202 2490 1265 2508 mss.
1284 2485 1368 2508 recte.

422 2529 591 2561 promptum
607 2528 656 2559 est,
673 2528 700 2553 el
716 2526 792 2553 vobis
797 2546 850 2552 .....

461 2572 477 2598 (3
493 2570 513 2597 ΙΙ
529 2571 649 2598 Corinth.
667 2578 694 2604 x,
712 2571 754 2605 15,
771 2571 816 2597 ubi
833 2571 932 2605 inquit:
951 2571 1034 2606 Spem
1120 2572 1170 2597 Ιια-
1203 2579 1295 2605 perani
1317 2571 1416 2598 Baron.
1434 2570 1616 2598 conciliatus.

427 2616 522 2643 beriles
536 2615 686 2643 crescentis
701 2615 770 2650 fidei
786 2618 905 2650 vestrae,
922 2615 953 2642 in
969 2616 1045 2642 vobis
1060 2615 1170 2651 masmi-

939 206 1095 231 ArrEme
1119 206 1216 231 BULLA
1222 206 1264 230 1111
1289 206 1407 230 ROMANI

1956 208 2010 236 An.
2031 208 2061 236 G.
2079 208 2131 239 535

1195 254 1451 288 mansuetudinis
1476 260 1599 289 vestrae
1622 266 1682 290 nos
1701 256 1935 291 adhortationi-

1194 307 1253 341 bus
1285 307 1422 342 credatis
1446 308 1620 350 obsistere;
1647 309 1724 353 quia
1746 309 1829 344 sicut
1851 321 1932 354 gen-

1196 360 1274 394 tium
1296 361 1410 395 doctor
1433 361 1588 403 asseruit;
1615 362 1710 406 Spem
1731 362 1841 404 liabeo,
1864 374 1933 397 cre-

1194 419 1298 448 scente
1316 414 1377 458 ficte
1389 419 1504 456 restra,
1521 419 1550 449 et
1567 416 1604 448 in
1619 415 1708 449 vobis
1725 416 1938 460 maqnificari

1193 468 1371 501 secundum
1405 469 1558 513 reyulam
1584 473 1731 502 nostram
1747 469 1767 502 ⁵:
1797 474 1828 503 et
1862 469 1936 504 ideo

1194 521 1368 555 immensas
1398 522 1464 556 Deo
1496 527 1607 556 nostro
1641 521 1760 565 gratias
1785 522 1934 564 exhibeo,

1193 575 1281 618 quod
1301 586 1361 619 pro
1378 575 1490 619 populi
1504 575 1772 620 multiplicatione
1785 575 1937 610 catholici

1194 634 1282 662 tanto
1303 629 1470 663 charitatis
1494 630 1612 663 ardore
1637 629 1775 671 servetis,
1798 635 1834 663 ut
1857 629 1933 663 ubi-

1194 693 1334 727 cumque
1359 688 1499 716 vestrum
1524 688 1724 728 propagatur
1747 683 1933 727 imperium,

1194 747 1330 779 regnum
1350 747 1425 770 mox
1442 737 1576 781 incipiat
1594 737 1755 781 proficere
1768 738 1937 782 sempiter-

1193 799 1283 823 num.
1318 789 1413 824 Cuius
1439 790 1537 824 studii
1565 791 1811 825 benevolentiae
1839 791 1936 826 vehe-
1951 829 2082 850 desiderium
2109 830 2136 851 de

1194 844 1334 878 mentius
1355 844 1549 886 insistentes,
1573 845 1670 878 etiam
1695 856 1754 879 nos
1774 845 1807 878 in
1827 856 1937 890 acqui-
1952 856 2138 882 Mariamme-pis.
2191 843 2203 862 ·'

1194 897 1302 931 rendis
1341 898 1385 931 eis
1400 925 1407 939 ,
1444 909 1525 942 quos
1559 898 1712 932 Arianam
1746 898 1937 942 significatis
1952 888 2138 940 &tilsslssffefffi'li

1195 951 1294 984 vitare
1319 952 1398 985 velle
1422 951 1617 995 perfidiam,
1645 958 1800 996 paternae
1831 951 1934 986 tradi·
1952 936 2137 989 ffissmgssefflflm

1196 1004 1291 1038 tionis
1311 1005 1499 1039 existimatis
1519 1005 1683 1040 declinare
1702 1016 1796 1050 posse
1814 1015 1933 1040 censu-

1196 1069 1276 1099 ram,
1294 1059 1416 1092 scilicet
1434 1065 1469 1092 ut
1488 1059 1540 1093 et⁷
1563 1059 1596 1092 in
1619 1059 1669 1093 his
1693 1059 1883 1101 honoribus,
1904 1059 1939 1094 in

1196 1112 1314 1156 quibus
1338 1113 1469 1146 suerunt
1492 1113 1579 1156 apud
1606 1113 1800 1155 haereticos,
1823 1124 1936 1157 perse-

1197 1171 1325 1206 verent,
1354 1171 1385 1199 et
1403 1171 1658 1210 promoveantur
1677 1167 1717 1200 ad
1737 1166 1828 1201 alios.
1849 1167 1936 1207 Qua-

1196 1224 1330 1262 propter
1345 1219 1468 1252 bonum
1486 1219 1548 1252 hoc
1566 1219 1728 1263 equidem,
1752 1225 1783 1254 et
1813 1231 1940 1254 summa

1198 1272 1292 1305 laude
1330 1272 1542 1316 praecipuum
1555 1301 1563 1315 ,
1590 1273 1678 1317 quod
1716 1284 1828 1307 omnes
1864 1274 1941 1308 ovili

1198 1325 1362 1359 dominico
1381 1336 1439 1370 per
1453 1337 1561 1360 veram
1582 1327 1681 1360 fidem
1699 1327 1816 1372 cupitis
1829 1338 1941 1371 aggre-

1198 1389 1292 1421 gare:
1307 1380 1363 1413 sed
1376 1390 1441 1413 non
1462 1385 1591 1424 oportet
1611 1380 1705 1415 nobis
1722 1391 1788 1422 eos,
1806 1381 1941 1425 quinon

1198 1438 1283 1466 recte
1305 1433 1430 1476 ingredi
1449 1434 1636 1476 moliuntur,
1665 1435 1823 1479 excipere,
1846 1435 1941 1469 beato

1197 1487 1297 1520 Paulo
1332 1487 1479 1531 apostolo
1519 1493 1769 1522 commonente:
1807 1488 1944 1534 Nemini

1197 1540 1311 1574 daenes
1335 1541 1442 1574 ullam
1466 1542 1683 1585 offensionem,
1706 1546 1742 1576 ul
1766 1552 1832 1576 uon
1856 1543 1942 1576 vilu-

1195 1598 1328 1638 peretur
1344 1595 1569 1628 ministerium
1588 1595 1762 1629 nostrum⁸.
1782 1595 1940 1635 Quantam

1198 1653 1304 1681 autem
1319 1653 1526 1692 paternarum
1542 1648 1810 1682 constitutionum
1823 1649 1844 1691 ⁹,
1856 1649 1882 1683 si
1895 1649 1941 1683 sic

1198 1701 1395 1745 recipiantur
1412 1702 1514 1746 (quod
1531 1702 1638 1746 absit),
1655 1702 1823 1736 incurrant
1839 1702 1941 1737 offen-

1198 1755 1334 1796 sionem,
1358 1766 1398 1789 ne
1419 1756 1497 1799 quid
1514 1756 1667 1800 pietatem
1688 1762 1826 1790 vestram
1840 1757 1940 1791 latere
1954 1759 2081 1786 ⁰⁰¹¹ffl²¹¹2³5

1198 1809 1410 1852 contingeret,
1428 1809 1512 1853 ipsas
1525 1820 1655 1853 quoque
1669 1810 1796 1852 regulas
1816 1810 1940 1844 credidi
2054 1815 2057 1820 “

1198 1862 1434 1896 subnectendas
1450 1890 1457 1904 ,
1492 1874 1575 1907 quae
1599 1863 1782 1907 specialiter
1801 1874 1938 1898 censue-

1199 1921 1282 1957 rant,
1311 1927 1351 1949 ne
1372 1916 1444 1960 quis
1466 1917 1576 1950 talium
1599 1917 1828 1951 reconciliatus
1845 1915 1868 1935 ¹⁰
1887 1923 1943 1951 aut

1199 1970 1404 2004 ecclesiastici
1419 1971 1541 2004 ordinis
1553 1971 1758 2014 provectibus
1771 1977 1939 2014 augeatur,

1198 2030 1234 2058 ut
1251 2024 1440 2059 desideret¹¹
1458 2025 1598 2059 honores
1612 2025 1748 2059 ulterius
1761 2025 1939 2069 possidere,

1199 2089 1280 2123 qnos
1302 2090 1335 2112 se
1364 2079 1515 2113 dubitare
1536 2079 1599 2112 iam
1624 2089 1691 2112 non
1715 2079 1811 2113 dehet
1831 2079 1943 2124 culpa-

2030 1706 2072 1728 Sed
2088 1712 2140 1728 con-

1198 2213 1282 2247 ficari
1310 2212 1465 2240 secundum
1488 2213 1621 2247 reyulam
1644 2215 1774 2240 nostram
1797 2212 1832 2240 in
1855 2212 1944 2240 abun-

1200 2257 1343 2285 damiam.

1235 2303 1249 2328 7
1266 2302 1365 2328 Baron.
1380 2305 1466 2329 contr.
1483 2310 1528 2328 nn.
1540 2301 1618 2329 codd.
1630 2301 1753 2329 auctorit.
1767 2301 1941 2338 expungitet.

1236 2347 1251 2373 8
1268 2347 1289 2373 ΙΙ
1305 2346 1427 2374 Corinth.
1443 2354 1481 2381 vi,
1497 2347 1524 2373 3.

1235 2392 1252 2418 9
1272 2402 1283 2416 κ
1292 2392 1402 2424 Quanta
1429 2394 1526 2419 autem
1547 2394 1744 2426 paternarum
1764 2391 1944 2420 constitutio-

1200 2445 1272 2464 num
1290 2457 1344 2464 .....
1366 2437 1541 2465 incurratur
1564 2437 1680 2472 offensio
1695 2446 1722 2464 ν).
1748 2436 1823 2464 Cont.
1849 2435 1942 2464 Const.

1238 2525 1271 2551 10
1288 2525 1332 2552 Sic
1348 2525 1424 2552 Cont.
1442 2525 1533 2552 Const.
1549 2533 1613 2552 mss.
1630 2533 1691 2552 cum
1707 2532 1753 2551 nn.
1775 2523 1868 2558 codd.;
1883 2532 1945 2560 per-

1240 2616 1268 2642 11
1292 2615 1369 2643 Cont.
1387 2615 1476 2643 Const.
1497 2623 1560 2643 mss
1579 2614 1694 2651 corrigg.
1712 2618 1764 2643 aut
1786 2615 1928 2645 desideret
1935 2624 1943 2649 3

1999 802 2136 829 Imperatoris
2187 806 2193 831 j
2243 816 2244 830 3

1954 1734 1987 1753 tra
1997 1734 2046 1754 sunt
2054 1734 2140 1755 Patrum
2175 1762 2179 1763 ⁷
