2244 3183
53 233 107 260 An.
124 231 153 259 C.
172 231 225 259 535

471 279 656 313 EPISTULA
687 277 743 312 11¹.

254 388 404 423 Caesario
419 387 460 421 acl
473 387 636 421 alimonia
650 396 833 431 pauperum
847 384 998 429 cutqencla

297 441 458 475 Ecclesiae
472 441 687 485 praediorum
698 439 932 473 alienationem
944 448 999 481 pe-

300 496 380 528 lenti
400 495 472 528 licet
484 495 607 528 invitus
617 495 755 528 Palrum
768 503 905 526 canones
918 491 1000 525 obii-

298 549 353 589 cit,
374 549 494 592 quibus
508 549 703 592 prohibetur
721 547 883 581 Ecclesiae
904 556 1000 590 prae-

298 601 356 634 dia
368 602 411 634 acl
428 602 571 635 cuiusvis
590 602 664 634 iura
684 600 869 644 transferri,
886 608 1000 642 eosque

294 666 354 699 per
373 656 540 699 z'nleyrum
567 655 744 688 subiiciens
762 658 790 687 et
808 653 872 686 sibi
898 656 1001 686 custo-

297 709 434 743 diendos
458 709 620 743 admonet.

307 799 511 828 Dilectissimo
531 799 620 827 fratri
635 798 772 827 caesario
787 799 946 832 Agapetus.

54 880 240 928 dCsesariidesi-
298 872 398 906 Tanta
419 878 475 912 est,
500 872 565 905 Deo
583 871 739 916 propitio,
760 876 792 904 et
813 870 852 903 ad
873 869 932 903 ea2
957 869 999 901 li-

69 914 119 929 el'llss
138 914 180 929 1101]
202 914 239 929 an·

54 940 120 956 nuere
152 935 238 956 minimo
254 926 442 960 beatissime
474 924 695 965 concedenda,
731 934 814 968 qnae
838 922 1002 956 alimoniis

55 964 144 988 gfflum'
253 969 430 1024 proficiunt
449 988 644 1023 pauperum,
669 983 700 1011 et
725 977 811 1010 eirea
842 982 914 1010 tuae
933 977 999 1009 sra-

253 1032 412 1067 ternitatis
443 1032 595 1066 affectum
632 1037 743 1065 nostra
778 1030 929 1071 devotio,
968 1035 1003 1062 ut

253 1096 429 1121 onerosum
456 1085 550 1120 nobis
578 1085 762 1118 nullatenus
784 1095 852 1118 esse
872 1083 1000 1118 iudice-

254 1151 337 1182 mus,
370 1140 459 1184 quod
488 1139 585 1173 annui
614 1138 729 1172 vestris
751 1137 920 1172 desideriis
938 1148 999 1182 po-

254 1194 392 1228 stulatis.
431 1194 492 1228 Sed
531 1199 685 1227 revocant
719 1203 778 1225 nos
818 1191 1003 1225 veneranda

255 1248 386 1281 Patrum
413 1247 677 1281 manifestissima
709 1246 897 1286 constituta,
926 1245 1000 1289 qui-

55 1308 240 1357 ἰωίςΑέξοτΙ-ἷξιίξί
254 1301 338 1334 bus⁸
358 1301 603 1345 prohibemur&
624 1300 758 1344 praedia
778 1299 870 1333 iure⁵
887 1299 999 1332 Eccle-

54 1363 180 1410 331335‘51010
189 1363 240 1384 atie·
255 1354 333 1395 siae,
347 1355 397 1388 cui
407 1365 466 1388 nos
475 1355 680 1398 omnipotens
689 1354 845 1387 Dominus
854 1363 1003 1397 praeesse

133 1405 138 1414 ’
256 1408 433 1449 constituit,
461 1408 607 1452 quolibet
626 1408 720 1441 titulo
742 1408 781 1441 ad
808 1407 913 1440 aliena
934 1407 1004 1439 iura

256 1462 442 1495 transferre.
471 1462 539 1501 Qua
568 1461 600 1494 in
625 1472 660 1494 re
679 1461 690 1477 ⁶
720 1467 844 1494 vestrae
871 1470 1002 1504 quoqne

256 1515 435 1559 sapientiae
464 1515 627 1548 oredimus
659 1525 728 1548 esse
756 1514 975 1557 gratissimum
992 1541 999 1555 ,

256 1570 344 1613 quod
359 1570 390 1602 in
412 1570 502 1602 nullo
523 1575 635 1602 contra
655 1569 781 1613 priscae
803 1568 1003 1602 definitionis

108 1628 134 1649 Et
154 1628 240 1650 Patrum
256 1623 443 1664 constituta,
466 1623 514 1656 vel
542 1622 681 1665 regulas,
707 1632 768 1666 pro
782 1621 929 1666 qualibet
943 1631 998 1654 oc-

55 1657 170 1704 ggrffitma
197 1661 241 1677 W·
257 1676 399 1718 rasione,
426 1676 474 1710 vel
500 1676 559 1710 sub
587 1675 823 1720 cuiuscumque
842 1685 1002 1720 personae

292 1812 304 1838 1
323 1811 410 1843 Quam
424 1810 570 1839 referimus
585 1810 725 1847 epistolam
740 1810 863 1838 invenies
877 1818 931 1838 non
942 1813 1001 1837 tan-

257 1859 314 1883 tum
333 1856 360 1882 in
381 1855 464 1883 Labb.
486 1855 552 1883 ibid.
570 1855 620 1883 col.
637 1856 700 1889 945,
722 1859 749 1883 et
767 1855 795 1882 in
814 1855 911 1883 Bai-on.
934 1855 998 1882 edit.

255 1901 358 1928 Lucen.
375 1900 409 1928 ad
425 1909 488 1927 ann.
502 1900 555 1928 535
570 1909 597 1927 n.
610 1907 662 1932 mx,
675 1899 725 1927 sed
740 1904 767 1928 et
785 1900 812 1927 in
829 1909 837 1926 1
854 1901 906 1927 vol.
922 1899 999 1928 Bull.

256 1944 283 1972 h.
303 1944 346 1972 ed.
364 1945 476 1972 Tauria.
493 1953 554 1980 pag.
572 1945 631 1972 145.
645 1944 695 1972 Sed
711 1953 795 1981 quum
810 1945 837 1971 in
853 1945 930 1972 Bull.
948 1944 999 1971 loc.

255 1989 300 2016 cit.
317 1989 351 2016 iis
365 1988 494 2016 destituta
508 1989 543 2016 sit
558 1989 739 2022 documentis,
760 1997 829 2024 quae
845 1989 871 2016 S.
889 1989 921 2015 P.
939 1987 1001 2015 liuic

255 2033 396 2070 aptissime
416 2033 548 2069 subdidit,
569 2042 624 2061 non
639 2033 727 2061 visum
747 2037 788 2061 est
806 2033 855 2060 abs
875 2041 905 2060 re
927 2032 1000 2060 hisce

255 2078 412 2106 roboratam
435 2087 494 2106 eam
511 2078 643 2114 praebere
654 2100 661 2111 ‚
676 2087 711 2106 ne
731 2079 862 2106 lectorem
879 2077 1001 2105 utillimis

256 2124 328 2151 circa
343 2123 405 2152 Eec.
421 2123 554 2152 honorum
569 2124 763 2152 alienationem
778 2123 933 2151 constitutis
949 2123 1001 2159 pri-

258 2177 391 2196 varemus.

290 2218 308 2244 2
326 2218 423 2246 Baron.
441 2218 493 2254 leg.
509 2228 527 2246 α
543 2220 602 2246 Deo
627 2224 653 2247 et
674 2219 708 2247 ad
730 2227 816 2255 marg.
838 2219 926 2251 adeo,
953 2218 1000 2246 sed

255 2270 410 2298 perperam,
427 2267 457 2290 ut
470 2263 524 2291 vid.

291 2313 307 2339 3
323 2313 419 2346 Maur„
444 2313 490 2348 qui
513 2313 583 2341 hanc
605 2322 650 2349 ep.
676 2314 851 2341 contulerunt
865 2322 926 2341 cnm
943 2322 999 2349 reg.

255 2365 321 2384 mss.
337 2358 419 2393 3849,
432 2358 494 2385 add.
511 2358 691 2393 specialiter;
707 2363 734 2386 et
749 2359 785 2385 sic
802 2359 854 2394 leg.
873 2358 968 2386 Baron.

291 2407 307 2434 4
328 2407 426 2434 Baron.
442 2407 495 2443 leg.
509 2408 713 2443 prohibentur.

292 2458 308 2485 5
324 2456 374 2483 lid.
392 2457 486 2489 iuris3
509 2464 574 2484 sane
590 2461 673 2492 recte3
690 2461 717 2485 et
732 2457 828 2485 Baron.
846 2457 982 2485 similiter.

273 2506 307 2545 ‘G
325 2507 415 2540 Quam
436 2514 495 2535 rem

258 2551 356 2580 Baron.

293 2602 307 2629 7
325 2602 381 2630 Nos
396 2602 529 2631 credatis.
541 2601 591 2629 lid.
605 2605 631 2629 et
646 2601 742 2630 Baron.
759 2605 785 2629 et
800 2602 883 2629 Labi).
901 2605 927 2629 ct
943 2601 1001 2637 qui*

258 2647 320 2673 dem
337 2650 421 2675 recte.
441 2646 521 2674 Paulo
538 2650 600 2675 ante
617 2646 711 2674 aaron.
730 2647 780 2683 leg,
799 2648 875 2675 haec.
896 2664 901 2670 .

597 2515 655 2534 esse
674 2507 882 2542 ⁴erratis-simam.
906 2506 955 2534 lid.
976 2510 1001 2534 et

849 230 876 253 S.
904 226 1067 252 AGAPETL‘S
1093 227 1102 250 l
1128 229 1174 251 ΡΡ.

1686 216 1749 250 509

1013 278 1203 328 'respectu7
1237 276 1346 309 venire
1374 275 1623 320 praesumimus.
1651 275 1715 308 Nec
1733 281 1779 309 te-

1032 330 1180 363 nacitatis
1210 330 1328 371 studio,
1353 336 1406 363 aut
1433 329 1606 364 saecularis
1631 329 1778 362 utilitatis

1033 393 1129 416 causa
1150 383 1211 416 lioe
1242 383 1347 416 facere
1368 394 1432 416 non
1454 383 1624 423 credatis⁷,
1645 382 1700 416 sed
1723 382 1773 415 di-

1033 436 1097 470 vini
1117 436 1379 469 consideratione
1398 437 1506 470 iudicii
1529 447 1658 469 neeesse
1684 435 1779 468 nobis

1033 496 1090 530 est,
1121 489 1282 533 quidquid
1311 495 1421 522 saneta
1450 489 1611 533 synodalis
1637 488 1779 522 decrevit

1033 543 1221 584 auctoritas,
1246 542 1475 576 inviolabiliter
1492 543 1666 576 custodire.
1687 543 1777 582 Quod

1033 604 1067 631 ut
1088 597 1237 630 charitati
1256 602 1328 630 tuae
1346 596 1587 630 indubitanter⁸
1604 597 1775 637 elucescat,

1035 651 1073 684 ad
1099 651 1207 684 locum
1234 649 1273 683 de
1290 650 1352 682 hoe
1373 649 1509 682 articulo
1535 661 1570 683 ex
1598 649 1778 683 constitutis

1034 705 1164 738 Patrum
1179 703 1313 737 fecimus
1326 702 1488 743 revelari&
1504 713 1586 747 quae
1600 713 1673 736 cum
1685 713 1779 746 prae-

1035 758 1180 792 sentibus
1204 757 1328 802 pariter
1354 756 1504 790 ass'atibus
1524 756 1649 789 vobis¹⁰
1675 756 1780 789 eredi-

1036 823 1107 846 mus
1133 811 1314 855 dirigenda.
1342 811 1425 844 Deus
1443 816 1473 843 te
1498 810 1695 844 incolumem
1723 821 1778 844 cu-

1035 866 1167 907 stodiat,
1192 866 1291 899 frater
1311 863 1520 898 carissime¹¹.

1079 921 1157 956 Data
1177 931 1214 952 xv
1234 919 1388 952 kalendas
1403 919 1482 960 Aug.
1499 923 1571 962 post
1585 928 1673 951 cons.
1698 918 1780 951 Pau-

1036 973 1093 1006 lini
1113 973 1253 1007 Iunioris
1275 984 1302 1005 v.
1328 973 1368 1005 cl.

1072 1037 1130 1064 Dat.
1147 1036 1191 1064 (lie
1207 1036 1240 1064 18
1254 1036 1313 1064 Iulii
1326 1036 1361 1070 12,
1378 1044 1421 1064 an.
1435 1036 1496 1064 535.

1090 1174 1236 1208 Canones
1250 1173 1271 1190 ¹³
1291 1183 1329 1206 cx
1349 1173 1524 1206 constituto
1544 1170 1699 1215 synodali
1714 1170 1733 1187 ¹⁴

1169 1237 1256 1269 inter
1272 1239 1398 1268 caetera
1417 1239 1445 1267 et
1466 1234 1508 1267 ml
1530 1234 1646 1266 lactent.

1081 1352 1136 1386 llis
1157 1362 1234 1395 ergo
1256 1351 1436 1396 perpensis,
1458 1361 1612 1383 mansuro
1630 1360 1702 1383 cum
1724 1350 1785 1383 Do-

1038 1406 1117 1439 mini
1149 1406 1252 1440 nostri
1273 1404 1535 1439 consideratione
1557 1404 1688 1437 deereto
1712 1413 1785 1435 san-

1037 1460 1151 1501 cimus,
1180 1465 1215 1493 ut
1240 1459 1320 1492 nulli
1336 1457 1355 1475 ¹⁵
1375 1470 1393 1492 a
1413 1458 1575 1502 praesenti
1594 1458 1656 1498 die,
1681 1457 1783 1490 donec

1036 1514 1230 1558 disponente
1249 1512 1387 1546 Domino
1401 1512 1581 1546 catholicae
1599 1511 1673 1544 fidei
1692 1520 1783 1543 man-

1035 1567 1113 1601 serit
1134 1566 1283 1600 doctrina
1307 1566 1469 1607 salutaris,
1496 1565 1591 1599 liceat
1611 1564 1782 1609 praedium

1035 1621 1204 1661 rusticum,
1228 1625 1514 1664 quantaecumque
1536 1619 1633 1652 suerit
1650 1618 1699 1651 vel
1714 1628 1782 1651 ma-

1036 1674 1228 1718 gnitudinis,
1244 1673 1292 1707 vel
1315 1673 1506 1716 exiguitatis,
1527 1673 1586 1706 sub
1605 1670 1783 1716 qualibet¹⁶

1071 1809 1087 1837 8
1107 1809 1358 1843 Indubitabiliter,
1374 1807 1473 1835 Baron.

1071 1850 1087 1877 9
1109 1870 1164 1877 .....
1181 1849 1318 1884 relevari,
1335 1849 1431 1876 Baron.

1074 1890 1105 1918 10
1127 1891 1219 1925 Vobis,
1235 1889 1312 1917 deest
1326 1889 1354 1916 in
1369 1889 1471 1916 Baron.

1072 1936 1102 1962 11
1125 1935 1234 1963 Frater
1249 1934 1500 1966 reverendissime,
1518 1933 1618 1959 Baron.

1072 1980 1104 2007 12
1125 1980 1153 2007 In
1173 1980 1226 2007 vol.
1249 1988 1257 2006 1
1277 1979 1354 2008 Bull.
1376 1980 1427 2006 loc.
1454 1979 1498 2006 eit.
1525 1978 1553 2004 li.
1578 1977 1642 2004 edit.
1665 1985 1695 2004 ex
1716 1976 1780 2004 edit.

1035 2021 1165 2048 Mainardi
1181 2021 1279 2056 legitur
1294 2020 1430 2055 Auyusli,
1446 2027 1539 2046 errore
1555 2022 1609 2053 lyp.

1072 2065 1103 2092 13
1119 2064 1139 2091 E
1151 2065 1238 2092 Maur.
1253 2065 1360 2092 Concil.
1376 2063 1450 2092 Gall.
1465 2063 1516 2090 col.
1529 2062 1591 2096 975,
1604 2061 1669 2089 edit.
1684 2061 1779 2094 Paris„

1035 2108 1062 2132 et
1078 2113 1120 2141 ap.
1138 2105 1235 2132 Baron.
1253 2105 1290 2132 ib.
1308 2113 1335 2132 n.
1352 2112 1394 2131 cx.

1072 2151 1104 2177 Μ
1118 2150 1180 2178 Scit.
1193 2159 1207 2178 e
1223 2159 1290 2178 rom.
1301 2149 1396 2186 synod.
1410 2148 1459 2176 sub
1475 2148 1576 2183 Syrum.
1591 2146 1640 2175 PP.
1653 2154 1714 2174 ann.
1727 2146 1781 2174 5o2

1036 2195 1175 2222 celebrata
1195 2203 1253 2231 cap.
1275 2202 1312 2229 iv,
1329 2203 1411 2229 quam
1428 2193 1519 2220 sidere
1540 2195 1582 2219 est
1601 2190 1671 2227 apud
1693 2190 1777 2218 labb.

1037 2241 1144 2269 concil.
1161 2242 1267 2268 collect.
1286 2244 1350 2267 torn.
1369 2246 1406 2272 iv,
1423 2238 1473 2266 rol.
1490 2237 1569 2265 1333.
1586 2236 1672 2267 Quum
1688 2239 1779 2263 autem

1036 2288 1079 2315 liic
1100 2286 1199 2313 tradita
1219 2284 1341 2312 nonnihil
1359 2293 1372 2311 e
1393 2283 1511 2319 genuino
1526 2281 1620 2317 synodi
1637 2284 1709 2308 textu
1729 2280 1778 2307 de-

1036 2334 1160 2365 flectant,
1183 2331 1326 2357 varietates
1346 2329 1404 2355 illas
1424 2331 1546 2362 sequent.
1570 2326 1639 2354 notis
1665 2325 1778 2353 exhibe-

1035 2377 1133 2404 bimus.

1073 2423 1105 2449 15
1121 2421 1190 2447 llaec
1207 2419 1292 2446 verba
1308 2419 1442 2454 Agapetus
1458 2425 1521 2453 prae
1543 2416 1629 2444 oculis
1650 2414 1777 2442 habuisse

1037 2466 1143 2493 videtur
1163 2469 1188 2492 et
1204 2473 1233 2491 se
1249 2464 1336 2499 ipsum
1351 2463 1383 2490 iis
1398 2462 1528 2498 illigatum
1549 2461 1690 2496 cogitasse,
1711 2460 1777 2486 dum

1036 2511 1090 2539 ait:
1123 2522 1134 2535 «
1151 2510 1314 2537 Conslilula
1334 2508 1434 2542 quibus
1457 2506 1622 2541 specialiter
1643 2504 1778 2540 prohibe-

1036 2565 1104 2583 mur
1116 2565 1140 2582 ι».
1162 2555 1194 2581 Et
1213 2563 1242 2581 re
1259 2552 1366 2589 quidem
1384 2560 1447 2579 vera
1463 2551 1556 2586 synod.
1573 2551 1617 2577 cit.
1634 2550 1685 2584 leg.
1703 2548 1778 2576 nulli

1037 2599 1215 2635 Apostoltcae
1230 2598 1312 2626 Sedis
1322 2597 1465 2632 praesuli.

1077 2645 1106 2671 16
1124 2643 1191 2671 thid.
1209 2648 1233 2671 et
1251 2642 1345 2670 Baron.
1365 2642 1396 2669 ad
1414 2649 1496 2675 marg.
1514 2641 1664 2675 perpenna.

1814 226 1865 253 An.
1882 226 1910 254 C.
1927 226 1980 254 535

1839 753 1935 773 Cauones
1951 752 1977 773 ad

1794 785 1838 801 rem
1853 780 1946 801 subiicit.

1826 1459 1915 1480 Praedia
1932 1459 1982 1479 iuris

1800 1487 1908 1507 Ecclesiae
1941 1493 1981 1506 uon

1800 1513 1919 1534 alienanda
