2244 3183
73 249 103 274 A.
117 248 143 274 C.
155 246 258 274 492-96

97 787 189 809 Potenti:
196 787 254 808 libel-

71 815 102 836 lus
110 813 253 835 sibili-aditus.

97 1427 119 1448 {n
130 1427 215 1447 diaconi
225 1427 256 1448 in-

71 1455 130 1474 cestu
147 1454 255 1480 inquiren-

71 1480 119 1501 dum
126 1480 256 1506 iuxtaiegem

118 2279 216 2303 Quamvis
231 2280 257 2301 do

76 2306 162 2327 occultis
176 2309 258 2333 agatur.

879 250 904 271 5.
930 248 1080 272 GELASIL'S
1103 249 1112 272 l
1134 250 1183 273 PP.

596 294 678 328 XL'.

268 402 365 435 Petro
385 403 559 436 Potentiae>
579 403 725 446 episcopo
746 403 911 441 rescribit,
939 403 1010 435 ‹lia-

313 465 428 488 conum
459 455 631 498 quemdam
664 456 787 488 incestu
823 460 1010 489 accusatum

315 508 409 541 ιἰιιιτία
443 519 560 541 morem
590 519 654 541 esse
677 508 910 545 iudicandam,
941 509 1012 543 licet

314 561 352 595 de
376 562 497 595 occulto
522 563 660 595 crimine
681 563 885 606 inquiratur.

342 651 478 679 Gelasius
499 652 586 679 Petro
602 652 748 686 Episcopo
772 653 941 680 Potentino.

315 722 499 755 Secundum
521 723 607 766 quod
631 722 904 766 vcstriportitoris
917 723 1015 766 signi-

269 775 377 808 ficavit
398 775 538 815 libellus,
561 782 765 820 compertum
783 776 941 810 habemus
962 779 1034 810 vos*

269 840 347 873 prae
362 829 511 863 manibus
522 830 641 863 babere
655 830 821 872 negotium
836 830 1013 863 insolitum.

269 883 414 924 Pertulit,
433 883 605 917 diaconum
622 884 796 928 quemdam
815 884 1017 918 commisisse

269 937 439 979 incestum,
452 938 560 971 multis
575 939 702 972 indiciis
714 939 746 971 in
761 939 878 972 vicinia
887 945 1013 972 notum.
1034 970 1035 974 ,

269 991 331 1024 Sed
348 991 424 1035 quia
449 1001 545 1025 nemo
566 997 672 1036 potest
685 992 841 1026 canonice
855 992 935 1026 illud
949 998 1017 1026 stu—

268 1054 363 1088 prum
373 1044 522 1088 probam,
540 1051 739 1079 memoratus
752 1046 907 1079 diaconus
921 1056 1017 1079 omne

270 1098 421 1131 meritum
450 1105 577 1132 recusat
607 1099 682 1132 inde
708 1100 818 1132 subire
844 1099 1035 1133 iudiciumw

269 1152 318 1185 Ad
342 1153 429 1195 quod
458 1163 517 1196 ego
538 1153 649 1187 multis
671 1153 911 1187 inevitabilibus
932 1155 1017 1187 curis

271 1205 449 1245 involutus,
484 1211 604 1249 quanta
622 1216 754 1250 possum
780 1207 947 1247 brevitate,
971 1207 1017 1240 sic

270 1258 508 1291 rationabiliter
542 1260 736 1302 respondeo.
771 1260 866 1294 Nulla
896 1261 1017 1304 quippe

271 1311 390 1345 iudicia
415 1311 499 1345 inter
519 1312 667 1346 homines
688 1313 869 1347 necessaria
897 1320 1014 1355 essent,

270 1364 293 1398 si
313 1375 425 1399 omnes
445 1365 594 1399 veritates
614 1366 738 1400 cunctis
755 1368 945 1410 patuissent.
963 1368 1016 1401 Sc·
1034 1368 1036 1401 l

271 1419 382 1463 quitur
396 1429 472 1461 ergo
483 1420 629 1463 perquiri
649 1431 666 1453 a
688 1420 793 1454 iudice
808 1421 927 1454 debere
939 1432 1017 1465 pro-

270 1473 435 1506 bationem
456 1473 567 1506 iudicii
588 1474 713 1515 ordine,
736 1476 821 1508 unde
842 1475 937 1508 aliter
950 1486 1016 1509 non

271 1527 478 1569 cognoscitur
490 1527 606 1560 veritas
621 1528 745 1571 culpae.
759 1528 821 1562 Sed
834 1540 907 1562 cum
923 1530 1017 1573 culpa

270 1591 335 1613 non
356 1581 538 1623 ignoratur,
561 1592 622 1614 nec
641 1583 800 1626 synodum
816 1593 852 1616 ex
864 1583 926 1616 hoc
939 1594 1016 1616 con—

268 1634 395 1676 gregari
428 1640 599 1678 oportere,
635 1645 694 1668 nec
725 1635 880 1669 iudicium
902 1637 1016 1678 agitari

270 1687 428 1721 iubemus.
450 1687 512 1721 Sed
530 1689 598 1721 sola
617 1689 783 1722 modulata
804 1690 963 1723 sententia
985 1690 1015 1723 in

269 1740 409 1776 concilio
440 1747 605 1781 tractetur,
626 1752 709 1785 quae
731 1742 882 1776 meritum
902 1744 1017 1787 culpae

269 1793 425 1826 excedere
444 1804 510 1826 non
528 1794 685 1827 videatur.
714 1795 804 1829 Sicut
828 1796 950 1829 dictum
973 1802 1019 1829 est

270 1846 432 1889 antiquis,
453 1846 585 1880 oculum
604 1858 665 1891 pro
685 1848 788 1888 oculo,
811 1849 936 1882 dentem
958 1860 1018 1893 pro

269 1900 379 1937 (lente,
404 1905 434 1933 et
454 1900 569 1933 librata
587 1911 738 1934 mensura
759 1902 832 1935 ideo
850 1902 909 1935 fuit
932 1903 1018 1936 iussa

269 1954 302 1987 in
324 1954 405 1996 lege,
429 1959 463 1987 ut
485 1954 571 1987 iuxta
590 1955 740 1987 meritum
755 1956 869 2000 culpae
884 1957 1018 1990 damna-

272 2007 314 2041 tio
328 2008 526 2052 penderetur
545 2008 704 2043 vindictae
715 2008 735 2043 ².
750 2010 781 2043 Si
799 2011 932 2054 quidam
954 2012 1019 2045 for-

272 2067 353 2095 tasse
375 2062 482 2095 minus
502 2073 636 2106 capaces
659 2063 690 2095 in
704 2063 764 2104 bis,
779 2075 862 2108 quae
878 2065 1019 2109 praemi-

273 2115 385 2155 simus,
402 2121 577 2159 propterea
594 2116 756 2157 vacillant,
774 2118 849 2161 quia
862 2119 1017 2163 scriptum

272 2169 391 2201 habent
414 2169 445 2201 in
467 2169 593 2211 legibus
615 2170 752 2211 nostris,
783 2184 795 2199 «
822 2172 867 2204 De
887 2173 1020 2206 occultis

273 2233 365 2255 nemo
385 2222 560 2262 iudicetur,
578 2227 606 2254 e!
625 2223 745 2256 iudice!
760 2236 787 2257 n,
808 2225 869 2258 Sed
887 2225 919 2258 hi
941 2227 1019 2259 tales

273 2274 359 2317 vigili
378 2280 484 2308 mente
498 2281 706 2319 pertractent,
723 2277 799 2320 quia
812 2276 899 2321 quod
914 2279 953 2311 de
967 2289 1020 2312 oc-

274 2328 368 2362 cultis
379 2334 526 2370 negatur,
542 2328 601 2361 sub
615 2329 708 2362 tacito
723 2329 887 2364 intellectu
901 2332 939 2365 dc
954 2343 1020 2366 ma-

274 2382 396 2415 nifestis
417 2382 615 2415 conceditur.
645 2383 773 2417 Constat
797 2395 875 2427 ergo
901 2395 1016 2419 conse-

275 2441 412 2479 quenter
438 2435 499 2468 hoc
524 2435 586 2469 dici
609 2436 647 2469 de
671 2436 747 2480 ipsis
767 2437 913 2479 occultis,
937 2449 1019 2482 quac

275 2489 463 2522 scandalum
485 2489 646 2523 Ecclesiae
666 2490 792 2523 nullum
805 2491 971 2526 inducunt.
987 2492 1018 2526 Si

309 2614 318 2640 1
340 2612 377 2640 Ex
386 2613 471 2641 Mansi
487 2614 596 2642 concil.
614 2614 726 2643 Collecl.
740 2618 803 2642 tom.
817 2621 875 2650 vin,
888 2615 938 2643 col.
955 2615 1014 2643 142.

309 2656 325 2683 ⁶2
355 2656 434 2685 Forte
461 2658 497 2685 ita
527 2658 646 2694 legend„
675 2663 705 2687 ut
733 2667 829 2687 sensus
859 2659 1020 2687 restituatur
1036 2676 1037 2691 1

1697 238 1760 270 :325

1044 302 1217 341 postquam
1238 297 1317 330 oriri
1337 287 1526 331 scandalum
1545 296 1717 339 contigerit
1730 306 1790 340 pro

1026 363 1028 387 ς
1045 350 1191 391 crimine,
1208 351 1298 384 nullo
1318 351 1414 384 modo
1435 356 1482 384 est
1501 350 1788 395 praetereundum,

1046 404 1121 447 quia
1136 404 1277 437 Ecclesia
1292 410 1321 436 ct
1335 404 1552 438 satisfactione
1566 409 1679 447 pacata
1700 403 1792 447 quie-

1046 464 1123 497 scat,
1141 464 1170 491 et
1189 458 1298 491 sedata
1320 464 1485 491 remaneat
1505 459 1600 501 culpa
1620 457 1665 491 sic
1685 456 1792 501 publi-

1048 512 1127 545 citer
1148 512 1270 556 punita,
1295 518 1327 544 ut
1349 512 1445 545 etiam
1467 512 1607 545 habeant
1629 511 1788 545 timorem.

1048 565 1226 598 Satisfactio
1244 576 1385 609 namque
1407 566 1459 598 illa
1481 572 1539 606 est,
1556 576 1620 609 qua
1637 565 1793 598 innocens

1049 619 1186 663 quisque
1211 619 1444 655 manifestatur,
1468 630 1485 652 a
1505 619 1623 663 quibus
1636 629 1710 652 reus
1723 629 1793 651 crc-

1050 673 1197 706 debatur.

1093 728 1162 760 Dat.
1188 737 1261 760 ann.
1287 727 1450 760 492-496.

1373 889 1436 921 XLI
1450 889 1470 920 ³.

1052 986 1386 1029 Des-squar{cuinam
1415 996 1515 1019 novae
1546 986 1700 1018 basilicae
1729 986 1796 1019 sin!

1097 1039 1289 1079 tradendae,
1323 1038 1478 1082 quibaste
1509 1039 1664 1082 episcopis
1691 1049 1796 1072 conse-

1096 1093 1246 1126 mundae.

1301 1173 1435 1200 Gelasius
1456 1174 1544 1206 Papa.

1096 1256 1178 1295 Quid
1192 1265 1294 1288 novae
1304 1254 1521 1288 aedificationi
1536 1254 1668 1298 antiqua
1687 1255 1796 1288 Eccle-

1034 1311 1035 1319 ’
1051 1311 1171 1344 siarum
1188 1309 1307 1353 potcrit
1328 1309 1552 1353 praeiudicare
1573 1308 1704 1349 divisio,
1722 1319 1795 1342 cum

1052 1365 1083 1397 in
1101 1375 1138 1397 ca
1166 1374 1230 1396 non
1257 1364 1377 1399 sutura,
1407 1363 1462 1395 sed
1483 1372 1565 1406 quae
1587 1368 1677 1395 crant
1698 1373 1794 1405 prae-

1051 1417 1152 1450 sentia
1177 1416 1374 1449 linirentur?
1403 1416 1493 1449 Nunc
1518 1421 1626 1449 autem
1653 1416 1693 1449 ad
1713 1416 1798 1449 banc

1051 1470 1229 1510 basilicam,
1254 1480 1336 1514 quae
1363 1469 1542 1503 dedicanda
1563 1476 1620 1510 est,
1646 1469 1725 1502 illud
1743 1469 1798 1502 de-

1050 1525 1104 1557 bet
1131 1534 1258 1557 summa
1284 1523 1464 1556 intentione
1485 1523 1633 1567 disquiri,
1658 1524 1741 1567 quis,
1766 1524 1798 1557 id

1050 1584 1107 1613 est,
1144 1577 1236 1611 cuius
1269 1577 1405 1610 civitatis
1430 1588 1466 1610 ex
1492 1577 1605 1610 eadem
1628 1587 1680 1611 re.
1701 1582 1795 1610 ante-

1051 1642 1147 1674 quam
1174 1630 1324 1669 basilica,
1356 1641 1438 1674 quae
1460 1630 1615 1664 fabricata
1635 1636 1698 1669 est,
1728 1631 1799 1663 sun-

1051 1685 1193 1723 daretur‚
1217 1684 1571 1728 linaptizaveritincola&
1586 1690 1640 1717 aut
1654 1685 1693 1717 ad
1707 1684 1798 1716 cuius

1052 1738 1330 1781 consignationem
1342 1737 1401 1770 sub
1414 1748 1522 1770 annua
1536 1737 1707 1771 devotione
1722 1748 1799 1771 con-

1051 1791 1208 1825 venerint.
1230 1791 1299 1824 Non
1311 1791 1397 1824 enim
1411 1791 1557 1824 terminis
1575 1797 1628 1824 aut
1649 1791 1728 1824 locis
1741 1791 1798 1824 ali-

1052 1845 1171 1889 quibus
1185 1844 1336 1878 convenit
1353 1844 1494 1884 definiri,
1518 1845 1574 1877 sed
1594 1844 1675 1877 illud
1693 1844 1797 1877 facere

1053 1899 1227 1933 dioecesim
1250 1899 1337 1943 quod
1365 1898 1516 1942 superius
1541 1898 1735 1937 continetur,
1762 1904 1797 1931 ut

1053 1958 1175 1987 constet
1205 1958 1449 1986 commanentes
1476 1963 1493 1984 a
1521 1963 1586 1995 quo
1611 1952 1730 1985 suerint
1752 1953 1797 1985 la-

1052 2008 1137 2041 vacri
1159 2006 1406 2050 regeneratione
1426 2006 1567 2050 purgati.
1584 2006 1621 2039 Et
1634 2006 1719 2046 ideo,
1734 2007 1797 2039 l'ra-

1053 2067 1117 2094 tres
1128 2060 1298 2100 carissimi,
1316 2060 1432 2093 amotis
1445 2060 1647 2102 ambagibus,
1665 2065 1694 2093 et
1709 2059 1797 2092 omni

1053 2115 1245 2148 circuitione
1257 2114 1419 2153 submota,
1436 2113 1496 2146 hoc
1507 2123 1561 2146 ros
1574 2113 1679 2146 modis
1693 2113 1798 2146 omni-

1053 2168 1113 2202 bus
1134 2168 1283 2201 convenit
1303 2167 1505 2209 investigare,
1530 2173 1562 2200 ut
1585 2166 1637 2199 ille
1660 2166 1797 2199 maxime

1053 2223 1092 2255 ad
1114 2221 1390 2255 consecrationem
1413 2226 1555 2259 vocetur,
1579 2219 1797 2263 cuiperhunc

1054 2275 1206 2315 modum,
1230 2285 1326 2319 quem
1361 2273 1643 2318 praescripsimus,
1680 2273 1797 2306 debere

1053 2328 1197 2372 permitti
1211 2327 1373 2361 noveritis.
1392 2327 1425 2360 ln
1436 2326 1568 2360 caeteris
1582 2326 1678 2359 etiam
1690 2326 1797 2359 Eccle-

1053 2382 1117 2422 siis,
1146 2392 1224 2426 quas
1245 2387 1315 2425 post
1343 2381 1565 2422 constitutum,
1589 2381 1675 2424 quod
1701 2379 1798 2422 gestis

1054 2441 1181 2469 sanctae
1195 2434 1372 2467 memoriae
1385 2434 1497 2468 Leonis
1509 2435 1611 2478 Papae
1630 2433 1659 2465 in
1675 2433 1796 2477 synodo

1053 2499 1158 2533 nuper
1171 2488 1308 2528 relectis,
1331 2487 1362 2521 in
1377 2487 1425 2520 liis
1445 2487 1536 2525 locis,
1551 2498 1633 2531 quac
1648 2486 1797 2520 distincta

1055 2624 1067 2641 <x
1085 2615 1142 2642 Sed
1157 2615 1183 2642 si
1200 2614 1321 2649 quidam
1340 2615 1462 2648 sortasse
1480 2633 1486 2640 .
1504 2635 1508 2639 .
1530 2633 1535 2639 .
1555 2633 1560 2638 .
1580 2633 1585 2638 .
1602 2622 1607 2644 ;
1633 2612 1665 2638 hi
1687 2611 1758 2639 tales
1771 2620 1795 2637 n.

1089 2659 1104 2686 3
1125 2659 1161 2686 Ex
1173 2658 1255 2686 Mansi
1268 2658 1375 2686 Concil.
1390 2658 1504 2685 Collecl.
1517 2661 1580 2685 tom.
1598 2663 1655 2689 vni,
1672 2655 1721 2683 col.
1735 2655 1794 2683 121.

1809 248 1836 273 A.
1849 248 1877 274 c'.
1887 247 1991 275 492-ᾎὸ

1844 1267 1901 1288 Haec
1912 1273 1994 1288 cuinam

1811 1293 1963 1315 adiudicat-ida.

1829 2173 1868 2194 Per
1877 2179 1939 2200 quem
1948 2179 1995 2193 con-

1812 2201 1924 2221 sectanda.
