2244 3183
221 205 270 231 An.
282 203 312 232 C.
334 203 382 233 52¹

248 1435 276 1456 Aa
293 1434 407 1461 perfectam

221 1462 279 1482 Eri-t.
290 1467 363 1488 pacem
374 1468 406 1482 re-

221 1489 349 1509 stituendam
372 1494 405 1508 ve-

221 1516 308 1535 hemens
328 1515 406 1536 adhor-

222 1545 284 1563 tatur.

451 193 517 228 450

421 263 485 294 me,
509 252 700 287 venerabilis
714 252 901 296 imperator,
924 251 1085 285 Ecclesiae
1098 251 1166 284 vul-

420 317 499 340 nera
519 313 583 340 tam
600 307 697 348 longa
714 311 913 339 moerentem
933 305 972 338 ad
990 314 1079 348 spem
1093 304 1166 337 red-

422 360 546 394 dendae
564 359 676 393 salutis
696 358 855 391 animasti.
876 359 921 392 Tu
942 367 994 391 me
1014 362 1088 401 post
1101 363 1164 390 tam

421 414 591 446 continuos
601 412 746 445 turbines
758 412 820 444 iam
837 421 920 456 pene
941 410 1166 455 desperatione

421 471 598 499 cessantem
624 466 664 499 ad
688 475 804 498 novam
828 464 1095 509 tranquillitatem
1116 464 1165 498 di-

421 519 517 553 rectis
549 519 635 552 ultro
667 518 729 562 piis
758 518 874 551 litteris
905 517 1064 551 excitasti:
1103 517 1165 551 hoc

421 583 552 617 quoque
575 573 689 617 procul
708 572 807 606 dubio
827 571 935 605 divina
954 571 1166 614 intelligentia

420 627 617 665 conserente,
640 632 676 659 ut
702 626 786 659 inter
807 626 875 669 ipsa
899 626 944 659 tui
966 625 1166 669 principatus

420 679 552 712 exordia
572 678 648 712 fidei
670 678 738 712 eius
752 678 877 712 dicares
897 678 1165 722 obsequium,cui

420 737 588 776 acceptum
621 731 763 765 debebas
788 727 973 776 imperium,
1002 731 1057 765 sed
1082 730 1137 775 qui
1158 729 1165 747 ¹

420 791 450 819 te
475 787 514 819 ad
541 785 725 829 incipienda
746 786 824 818 haec
845 795 909 819 non
930 785 1020 830 potui
1042 784 1167 829 primus

420 838 606 883 impellere,
627 849 713 872 nunc
730 839 852 872 maiore
874 837 1167 872 fiduciatantisbe-

420 892 545 926 neficiis
568 893 749 936 compellor
773 898 965 936 provocatus
986 902 1092 932 orare,
1127 902 1166 925 ne

420 946 554 990 patiaris
571 946 603 980 in
624 946 680 980 re⁹
701 951 764 980 tam
783 946 859 979 boni
878 947 987 990 operis
1012 957 1080 980 esse
1106 947 1164 979 de—

421 1000 557 1041 sectum,
581 1010 622 1033 ne
642 1010 768 1040 manuS,
785 1010 864 1043 quas
882 1000 921 1032 ad
934 1000 1034 1033 Deum
1056 999 1164 1042 erigis,

421 1054 546 1098 accepti
567 1053 673 1097 operis
686 1053 886 1097 perfectione
899 1054 1087 1097 suspendas.
1105 1054 1167 1086 Ne-

422 1117 498 1149 gare
517 1117 582 1140 non
600 1116 730 1150 possum
743 1116 802 1150 pro
818 1106 945 1139 Domini
966 1106 1067 1139 nostri
1089 1106 1168 1139 haec

422 1170 474 1193 me
499 1160 615 1193 affectu
636 1165 667 1192 et
683 1158 815 1192 unitatis
835 1169 1025 1203 exposcere,
1048 1160 1103 1192 sed
1121 1160 1167 1192 sa-

423 1218 505 1254 teor,
523 1218 553 1246 et
573 1212 667 1245 saluti
693 1217 766 1246 tuae
790 1222 850 1256 pro
875 1218 961 1245 tanta
982 1205 1167 1245 mansuetu-

423 1266 507 1299 dinis
524 1266 627 1308 gratia
643 1266 724 1299 haec
735 1265 842 1298 studia
863 1276 913 1298 me
931 1266 1059 1299 debere.
1081 1266 1166 1299 Scri-

421 1325 513 1363 ptum
535 1324 580 1352 est
603 1318 689 1352 enim
710 1318 805 1362 quia,
835 1319 896 1362 qui
912 1320 1167 1362 perseveraverit

422 1383 525 1416 usque
553 1372 596 1406 acl
623 1372 739 1415 finem,
770 1372 883 1406 saluus
907 1372 1004 1405 erist
1028 1373 1091 1406 Nec
1112 1383 1167 1406 vos

422 1426 607 1471 aliquorum
626 1426 799 1460 obstinatio
819 1426 934 1460 reddat
960 1437 978 1459 a
998 1427 1167 1470 proposito

421 1480 592 1524 pigriores.
608 1480 729 1514 Durum
744 1485 801 1521 est,
823 1485 857 1513 ut
874 1480 1036 1514 efficacior
1055 1480 1093 1513 sit
1113 1490 1167 1514 eo-

420 1545 492 1566 rum
506 1534 759 1578 pertinacia,qui
773 1534 921 1568 dividunt
929 1545 1053 1579 pacem,
1069 1545 1164 1579 quam

421 1598 552 1629 eorum,
577 1588 631 1632 qui
652 1593 800 1621 asserunt
820 1588 987 1621 unitatem.
1010 1591 1167 1622 Amentur

421 1641 564 1682 vulnera,
579 1652 651 1675 cum
667 1641 897 1685 provideantur
908 1641 919 1658 ⁴
930 1652 990 1686 pro
1004 1643 1105 1676 salute
1117 1653 1166 1676 re-

421 1696 539 1736 media,
567 1701 597 1729 et
617 1695 839 1740 praeoptabile
854 1722 919 1728 .....
943 1702 1075 1740 putetur
1097 1723 1161 1730 .....

421 1749 571 1790 mortuis,
589 1760 684 1793 quam
707 1749 875 1782 inhaerere
896 1760 969 1783 eum
991 1750 1101 1783 vivis-⁵.
1118 1751 1165 1783 An

421 1813 487 1836 non
509 1814 648 1847 aequum
675 1808 741 1844 est,
774 1809 810 1836 ut
833 1803 974 1845 religiosi
1010 1804 1166 1847 principis

421 1856 602 1889 subdantur
633 1856 794 1900 imperio,
822 1856 877 1900 qui
902 1867 966 1889 non
996 1863 1167 1890 moventur

423 1911 593 1954 exemplo?
613 1911 681 1943 Non
703 1910 808 1943 omnis
828 1921 925 1952 aeger
945 1911 1097 1944 remediis
1117 1922 1166 1944 sa-

421 1963 568 1996 lubribus
586 1963 773 2007 acquiescit,
797 1969 828 1997 et
852 1963 1003 1997 medendi
1023 1963 1164 1996 studium

458 2124 468 2150 1
493 2134 504 2147 a
523 2122 578 2151 Sed
597 2123 701 2158 quibus
721 2122 759 2149 acl
774 2133 799 2149 ».
821 2123 967 2158 Perperam
990 2123 1078 2150 Caras.
1105 2132 1165 2151 cum

421 2176 468 2194 nn.
486 2168 564 2195 codd.

456 2213 472 2240 2
489 2223 500 2239 ι
518 2214 560 2241 Ne
574 2213 702 2248 patiaris
718 2213 747 2240 in
763 2216 788 2241 te
803 2224 826 2241 ›>.
842 2213 890 2241 lid.
911 2217 984 2241 recte
1004 2214 1112 2250 quidem
1133 2213 1165 2241 ad

422 2262 587 2285 contextum

456 2304 472 2330 3
487 2303 568 2331 Math.
589 2313 614 2337 x,
636 2304 680 2336 2⁹2,
697 2304 743 2331 ubi
761 2304 836 2339 Vulg.
859 2303 931 2340 legit.
951 2304 1024 2339 «qui
1040 2312 1165 2339 perseve-

421 2347 532 2375 rai-eric
547 2355 636 2382 usque
651 2348 682 2374 in
698 2348 794 2381 finem,
812 2348 857 2374 hic
871 2349 965 2375 sulvus
980 2348 1045 2375 erit.

458 2392 473 2417 ά
490 2403 500 2415 «
515 2392 658 2418 Amenlur
674 2392 804 2423 vulnera,
822 2401 909 2426 quam
922 2392 1130 2427 provideantur
1143 2401 1164 2418 υ.

423 2435 493 2462 Vatt.
515 2435 605 2468 codd„
627 2436 696 2462 sorte
716 2444 872 2463 :imaum-ns.
892 2436 1000 2463 mendo.

457 2480 473 2506 5
493 2491 504 2503 «
516 2480 553 2507 Et
567 2481 745 2515 peroptabile
758 2500 819 2508 ......
835 2484 954 2515 putetur
969 2489 996 2507 se
1013 2502 1065 2508 .....
1092 2490 1166 2510 mor-

423 2525 515 2551 tuis».
538 2525 578 2551 Ad
604 2533 675 2551 sens.
701 2532 852 2560 perperam.
868 2524 956 2552 Caras.
983 2525 1056 2552 lianc
1077 2529 1166 2553 autem

423 2568 487 2595 lect.
512 2569 589 2595 Cont.
616 2568 706 2596 Const.
731 2573 767 2595 ita
790 2569 888 2604 corrig.
916 2570 954 2597 Et
966 2570 1167 2605 praeoptabile

419 2615 542 2648 putetur
555 2614 673 2649 sepeliri
688 2622 753 2641 cum
764 2614 896 2649 mortuis,
907 2622 1005 2649 quam.
1022 2613 1105 2642 Codd.
1118 2623 1164 2642 nn.

940 203 1094 227 arrnxntx
1117 202 1259 226 nt'LLAntt
1282 201 1400 226 nomm

1199 260 1294 294 saepe
1315 250 1403 294 ipsis,
1431 250 1549 294 quibus
1573 251 1756 294 adhibetur,
1778 254 1940 298 ingratum

1199 309 1261 344 est3
1284 308 1315 337 et
1328 309 1433 337 tamen
1454 309 1544 347 grata
1564 310 1611 338 est
1631 314 1691 349 pro
1711 307 1812 341 salute
1831 318 1942 343 neces-

1199 356 1275 389 sitas
1291 383 1298 397 ,
1328 366 1388 389 nec
1416 356 1476 400 ipsi
1502 363 1575 401 post
1603 359 1849 403 respirationem
1875 372 1940 395 non

1199 412 1273 440 sunt
1296 407 1462 441 beneficiis
1482 408 1624 449 obnoxii,
1647 410 1703 454 qui
1723 412 1941 446 curanturin-

1199 460 1265 493 viti.
1294 460 1440 494 Cavenda
1464 467 1511 494 est
1539 462 1706 496 subtilium
1738 473 1855 507 magna
1878 465 1941 498 cir-

1199 513 1441 557 cumspectione
1451 514 1619 556 calliditas,
1631 516 1687 560 qui
1697 516 1848 559 ingerunt
1860 517 1941 552 diffi-

1200 566 1284 606 cilia,
1300 566 1375 600 dum
1386 567 1533 600 nituntur
1542 568 1737 603 labefactare
1750 571 1938 615 composita.

1199 619 1237 652 Et
1260 620 1332 663 quis
1356 620 1418 653 hoc
1440 621 1542 664 possit
1566 622 1749 664 admittere,
1775 629 1811 657 ut
1827 625 1868 658 ad
1888 624 1943 658 illa

1199 683 1257 716 per
1281 683 1394 717 pacem
1421 674 1592 708 credamur
1622 675 1759 717 adduci,
1790 677 1831 711 ad
1860 688 1943 722 quae

1199 737 1263 760 non
1278 728 1444 771 potuimus
1462 728 1642 763 discordiae
1655 731 1845 765 necessitate
1856 742 1944 766 com-

1199 780 1301 824 pelli‘?
1322 781 1357 814 Et
1384 788 1516 826 putetur
1535 792 1688 827 aequum,
1711 789 1746 817 ut
1766 791 1879 818 contra
1894 796 1944 820 sa—

1200 834 1299 867 lutem
1321 835 1472 880 princeps
1495 836 1714 870 subiectorum
1745 838 1942 872 voluntatem

1199 894 1365 932 sequatur,
1393 900 1490 933 quam
1519 901 1580 934 pro
1601 901 1659 924 sua
1684 891 1787 925 salute
1807 892 1944 926 subiecti

1201 942 1357 987 principis
1370 954 1435 977 non
1455 945 1652 978 famulentur
1666 945 1827 990 imperio‘?
1839 947 1944 990 Ipsam

1202 996 1258 1028 tibi
1277 1007 1416 1037 mecum,
1438 998 1631 1032 venerabilis
1651 998 1708 1040 fili,
1729 999 1825 1032 erede
1838 1000 1947 1033 Eccle-

1201 1049 1280 1082 siam
1295 1050 1350 1083 Dei
1371 1051 1565 1095 supplicare,
1590 1059 1625 1085 ut
1645 1063 1715 1085 eam
1734 1052 1801 1085 sine
1819 1053 1946 1086 macula

1202 1103 1355 1146 etruga⁶,
1376 1104 1461 1138 sieut
1483 1105 1544 1138 scis
1563 1105 1701 1139 Domino
1721 1106 1861 1149 placere,
1885 1117 1943 1139 cu-

1201 1157 1339 1197 stodias,
1367 1167 1426 1190 nec
1446 1157 1477 1190 in
1489 1168 1558 1191 eam
1580 1159 1694 1192 oculus
1713 1159 1778 1200 ille,
1795 1160 1849 1203 qui
1871 1170 1946 1204 per-

1201 1210 1320 1251 vigilat,
1337 1221 1472 1243 naevum
1488 1211 1641 1255 aliquem,
1657 1222 1753 1256 quem
1768 1218 1943 1255 aversetur,

1201 1263 1336 1306 aspiciat
1349 1264 1368 1296 ⁷.
1390 1265 1470 1297 Ama
1489 1265 1577 1308 quod
1603 1276 1620 1297 a
1642 1265 1707 1298 Deo
1732 1272 1948 1310 compunctus

1201 1316 1336 1359 elegisti,
1354 1323 1384 1349 et
1398 1317 1624 1351 intemeratum
1639 1329 1730 1352 serva
1750 1319 1842 1360 illud,
1855 1320 1948 1354 cuius

1200 1380 1275 1413 pars
1293 1381 1362 1403 esse
1386 1370 1525 1404 voluisti.
1542 1372 1649 1405 Fuerit
1667 1378 1740 1405 ante
1761 1373 1946 1408 sollicitudo

1202 1429 1326 1456 tantum
1357 1434 1444 1463 mea,
1475 1434 1561 1457 nunc
1585 1434 1683 1458 unam
1700 1425 1795 1458 nohis
1814 1436 1945 1459 causam

1201 1484 1254 1511 tua
1279 1478 1352 1512 fecit
1372 1489 1440 1512 esse
1461 1479 1643 1513 clementia.
1667 1479 1758 1513 Nunc
1782 1480 1941 1514 austerio-

1201 1541 1267 1564 rem
1282 1532 1292 1547 Β
1312 1542 1363 1565 me
1388 1532 1559 1576 quisquam
1579 1533 1664 1566 dicat
1677 1543 1745 1566 esse
1764 1533 1940 1577 prioribus,

1200 1596 1258 1619 nec
1294 1586 1477 1620 adhortatio
1513 1586 1647 1620 alicuius
1675 1597 1735 1631 pro
1765 1588 1943 1621 sententiae

1199 1640 1389 1673 alletoritate
1426 1645 1582 1674 teneatur.
1618 1641 1859 1683 Diligentiorem
1892 1653 1943 1676 me

1199 1704 1263 1726 non
1289 1694 1486 1737 pertinaciae
1520 1694 1682 1736 studium,
1710 1695 1765 1729 sed
1792 1696 1943 1730 scandala

1199 1752 1309 1780 secuta
1332 1748 1487 1781 fecerunt.
1511 1749 1605 1782 Forte
1634 1749 1717 1782 inter
1746 1748 1837 1782 initia
1853 1749 1945 1783 loeus

1200 1811 1268 1834 esse
1293 1801 1399 1845 potuit
1423 1801 1562 1835 lenitati:
1593 1803 1677 1836 male
1706 1802 1803 1845 (sicut
1831 1808 1944 1836 notum

1200 1855 1260 1897 est)
1280 1865 1338 1898 per
1362 1865 1508 1888 accessus
1532 1856 1796 1899 praecedentium
1818 1861 1943 1899 tempo·

1199 1919 1270 1940 rum
1297 1919 1445 1941 errorum
1467 1914 1641 1951 augmenta
1669 1914 1848 1942 creverunt.
1873 1909 1943 1943 Non

1200 1960 1288 2005 parvi
1309 1961 1444 2003 habeas,
1469 1962 1512 1995 fili
1532 1962 1751 2004 sanctissime,
1780 1962 1868 2006 quod
1890 1973 1944 1996 cu-

1199 2123 1269 2158 legg.
1286 2126 1313 2150 et
1335 2123 1532 2158 praeoptabile
1552 2125 1673 2158 putetur
1695 2123 1817 2152 mortuis
1843 2131 1874 2150 so
1878 2143 1930 2151 .....
1935 2145 1944 2158 ,

1201 2172 1246 2199 ubi
1269 2173 1338 2199 sorte
1360 2172 1468 2207 legend.
1489 2173 1613 2201 mortuis
1631 2173 1747 2206 sociari,
1765 2181 1854 2208 quam
1870 2193 1926 2201 .....

1234 2222 1251 2248 6
1268 2221 1366 2256 Ephes.
1384 2229 1410 2251 v.
1425 2222 1469 2256 27,
1486 2221 1531 2248 ubi
1545 2222 1621 2257 Vulg.
1638 2221 1723 2257 tegit:
1740 2224 1792 2249 «ut
1802 2222 1945 2251 exhiberet

1201 2272 1258 2306 ipse
1277 2271 1333 2298 sibi
1357 2271 1514 2305 morsos-am
1535 2271 1706 2306 Ecclesiam,
1727 2279 1784 2297 non
1802 2271 1945 2299 habentem

1202 2320 1358 2350 viaculum,
1375 2323 1425 2345 αιιι
1443 2328 1557 2354 russam,
1569 2323 1620 2347 aul
1634 2319 1750 2355 aliquid
1766 2319 1943 2355 huiusmodi,

1200 2369 1249 2395 scd
1266 2371 1295 2396 ut
1314 2369 1350 2395 sit
1367 2371 1466 2396 sancta
1481 2372 1504 2395 el
1520 2369 1706 2396 immaculata
1720 2378 1741 2395 ι.

1237 2418 1249 2443 7
1268 2417 1342 2444 (tout.
1359 2418 1449 2444 Consi.
1468 2426 1528 2444 cum
1545 2426 1589 2444 nn.
1607 2417 1685 2444 codd.
1703 2421 1765 2452 apte
1779 2416 1831 2452 leg.
1848 2417 1944 2444 necin

1201 2476 1261 2494 eam
1282 2468 1378 2494 oculus
1399 2467 1456 2500 ille,
1474 2468 1525 2502 qui
1543 2468 1667 2502 pervigil
1682 2470 1732 2501 est,
1749 2475 1872 2495 ’iaevam
1886 2466 1942 2495 ali-

1201 2524 1295 2551 quem,
1317 2526 1402 2550 quem
1417 2519 1574 2550 aversetur,
1591 2517 1723 2551 aspiciat.

1237 2565 1252 2592 8
1272 2565 1327 2592 Nec
1351 2565 1552 2593 austeriorem.
1575 2565 1663 2592 Caraf.
1693 2568 1719 2592 et
1746 2565 1844 2593 Baron.
1874 2564 1943 2592 Sane

1200 2614 1301 2642 rectius
1322 2614 1436 2643 videtur.

1972 207 2022 235 An.
2034 208 2064 236 C.
2086 208 2136 238 521
