2244 3183
891 386 972 468 S.
1043 387 1451 470 FELICIS

673 592 1180 646 EPISTOLARUM
1231 594 1680 645 FRAGMENTA.

217 1176 269 1204 An.
285 1176 315 1204 c.
330 1176 382 1204 484
765 1169 806 1205 1¹.

1189 1184 1263 1208 nem
1289 1173 1522 1218 saepissimam,
1555 1179 1588 1207 et
1618 1184 1676 1218 per
1706 1178 1753 1207 tot
1773 1183 1934 1207 annorum
1966 1178 2062 1208 An.C.
2081 1178 2135 1208 584

1190 1227 1293 1272 spatia
1304 1227 1336 1260 in
1347 1226 1554 1271 perversitate
1565 1226 1699 1271 propria
1708 1236 1915 1271 perseverans
1923 1254 1931 1269 ,

417 1277 535 1311 Scribit
566 1278 704 1311 Petrum
735 1278 1008 1313 Alexandrinum
1036 1281 1074 1313 in
1099 1291 1160 1314 sua
1192 1281 1299 1315 locum
1319 1279 1545 1315 satisfactionis
1570 1279 1710 1314 amisiffl.

457 1341 669 1383 perversitate
681 1342 882 1375 obstinatum
898 1343 939 1376 ab
952 1343 1096 1378 Ecclesia
1108 1355 1160 1378 ca·

463 1402 583 1436 tltolica
603 1414 777 1448 nunquam
796 1415 861 1438 esse
880 1406 1116 1450 recipiendum.

416 1513 498 1542 Felix
515 1513 669 1549 Episcopis
692 1522 744 1550 per
771 1516 947 1551 Aegyptum,
969 1518 1161 1555 Thebaidem,

493 1568 625 1602 Lybiam,
646 1576 681 1597 ae
697 1570 882 1605 Pentapolim
897 1572 1085 1601 constitutis.

464 1658 576 1692 Petrus
605 1669 695 1700 vero,
720 1660 774 1704 qui
799 1671 832 1694 se
849 1661 888 1695 ab
908 1661 1068 1697 Ecclesiae
1085 1663 1160 1697 uni-

218 1712 405 1766 siassegsssgffigffi
422 1716 484 1745 tate
497 1712 556 1745 sub
574 1712 687 1746 beatae
708 1715 943 1749 recordationis
956 1716 1103 1751 Proterio
1116 1728 1165 1751 se-

419 1765 554 1809 paravit,
589 1771 620 1800 et
648 1767 680 1800 in
707 1774 845 1802 mortem
864 1769 964 1813 ipsius
981 1771 1164 1814 parricidae

419 1818 589 1853 Timotheo
610 1820 650 1853 ad
670 1822 914 1865 persequendos
931 1834 964 1857 se
981 1823 1082 1857 iunxit
1111 1835 1164 1858 or-

420 1871 590 1913 thodoxos,
608 1873 697 1906 nulla
708 1874 786 1908 tanti
798 1875 952 1917 nominis,
967 1882 1021 1910 aut
1031 1877 1166 1912 honoris

420 1925 638 1970 permittimus
664 1927 816 1962 societate
837 1929 967 1971 laetari,
994 1936 1116 1974 quanto
1133 1931 1165 1965 in

421 1979 620 2013 creatoribus
637 1981 778 2025 propriis
795 1992 860 2015 non
874 1983 1165 2029 dissimilibusipso

421 2031 469 2065 sui
491 2032 624 2067 exordio
650 2034 820 2076 caducum,
844 2037 931 2080 quod
952 2047 985 2071 se
1003 2038 1163 2080 aestimat,

423 2086 596 2130 reperitur.
617 2087 670 2121 Est
683 2099 759 2131 crgo
776 2091 941 2134 praefatus
954 2092 1078 2126 cunctis
1091 2103 1167 2126 ana-

424 2139 544 2182 thema,
573 2151 633 2175 nec
652 2141 692 2175 ab
713 2142 855 2177 Ecclesia
878 2144 1037 2179 catholica
1056 2147 1168 2180 creda-

425 2199 477 2228 tur
495 2205 639 2239 unquam
667 2195 778 2240 recipi,
803 2198 858 2242 qui
883 2204 955 2242 post
972 2199 1168 2235 cohortatio-

256 2139 293 2160 Est
308 2145 358 2164 ergo
374 2139 408 2160 illo

223 2167 305 2187 eunctis
322 2166 408 2188 anatlie-

224 2199 264 2213 ma.

460 2312 473 2339 1
488 2311 525 2340 Ex
536 2312 620 2340 Mansi
633 2313 742 2341 Concil.
754 2314 869 2342 Collect.
885 2318 950 2343 tom.
962 2322 1010 2351 vn,
1026 2316 1076 2345 col.
1089 2317 1167 2346 1065.

460 2356 476 2384 2
491 2357 567 2384 quta
580 2357 646 2384 Jaffe
660 2358 677 2385 l.
696 2367 719 2385 c.
735 2358 790 2386 dat.
806 2366 869 2386 ann.
882 2359 944 2388 484.

461 2402 478 2428 3
493 2402 513 2429 Ε
528 2402 662 2429 Sirmondi
678 2403 748 2437 Opp.
771 2406 836 2430 tom.
852 2410 870 2438 t,
887 2412 948 2440 pag.
962 2405 1025 2433 447.

462 2447 478 2473 4
493 2446 599 2473 Placuit
613 2447 749 2475 nonnullis
764 2448 946 2484 fragmentum
961 2449 1035 2477 aliud
1055 2450 1169 2483 referre,

426 2491 470 2519 eui
492 2491 608 2518 initium:
632 2492 749 2520 Certum
765 2496 815 2521 est.
831 2495 931 2522 Verum
951 2503 1034 2531 quum
1052 2495 1080 2523 id
1100 2496 1169 2523 Gra-

426 2537 493 2564 tiani
504 2545 586 2573 opera
599 2537 771 2574 desumptum
788 2548 802 2567 e
817 2540 913 2567 Felicis
926 2549 969 2576 ep.
986 2542 1021 2568 ad
1036 2541 1170 2568 Zenonem

426 2582 547 2609 invenies
557 2582 607 2610 sub
617 2583 662 2610 fin.
671 2591 731 2619 pag.
741 2584 794 2612 249
802 2584 882 2612 huius
890 2585 1045 2620 voluminis,
1055 2585 1171 2613 libenter

427 2627 588 2656 omittimus.
605 2628 702 2665 Neque
721 2637 787 2658 sane
797 2633 839 2658 est
854 2638 902 2658 cur
917 2638 932 2659 a
946 2630 1026 2660 nobis
1041 2638 1170 2666 exposcas

1536 1513 1589 1547 11³.

1205 1632 1374 1666 Andream
1398 1631 1583 1675 episcopum
1611 1630 1928 1664 Thessalonicensem

1250 1696 1287 1728 in
1298 1695 1328 1728 S.
1339 1695 1380 1728 A.
1392 1694 1649 1728 communionem
1664 1693 1819 1727 admittit.

1232 1795 1314 1823 Felix
1325 1795 1459 1823 Andreae
1470 1794 1612 1829 Episcopo
1628 1794 1903 1822 Thessalonicensi.

1241 1877 1331 1916 Quod
1365 1877 1459 1920 plene
1491 1875 1669 1909 catholicae
1688 1874 1764 1908 fidei
1793 1875 1941 1919 cupimus
1954 1875 2092 1924 tumfssfflss
2106 1879 2141 1896 ’θ’
2195 1867 2237 1890 '³

1199 1930 1472 1973 redintegratione
1482 1929 1617 1971 firmari,
1631 1928 1882 1963 sollicitudinem
1894 1928 1942 1962 di-

1198 1984 1347 2018 lectionis
1368 1990 1453 2025 tuae,
1477 1994 1541 2028 qua
1560 1984 1600 2018 ad
1623 1983 1714 2017 Sedis
1741 1982 1826 2017 beati
1856 1982 1942 2016 Petri

1199 2037 1461 2072 communionem
1480 2037 1589 2071 venire
1606 2036 1781 2077 desideras,
1805 2036 1942 2069 libenter

1199 2091 1443 2135 amplecti1nur;
1475 2091 1531 2125 sed
1565 2101 1635 2125 earn
1664 2090 1836 2131 vellemus,
1859 2089 1943 2123 sicut
1983 2087 2142 2110 Auuumss'ffl‘·

1957 2116 2007 2136 tifex
2026 2115 2074 2136 eius
2092 2119 2141 2135 con-

1200 2145 1398 2178 orthodoxae
1418 2143 1560 2177 veritatis
1580 2143 1705 2177 cautela
1729 2142 1885 2187 deposcit,
1905 2153 1943 2176 ex
1956 2141 2143 2164 ⁵²³⁰²¹³¹¹²d⁰⁸³d⁰·
2184 2152 2196 2158 ⁷·
2219 2131 2225 2141 ‘

1956 2171 1996 2191 rat.

1200 2198 1289 2232 omni
1309 2198 1380 2232 fieri
1400 2203 1491 2242 parte
1508 2202 1709 2231 constantem
1721 2196 1741 2230 ⁴.

1201 2314 1243 2341 vel
1259 2313 1354 2341 Felicis
1368 2313 1509 2350 epistolam
1523 2313 1558 2340 ad
1577 2312 1734 2340 Caesarium
1744 2312 1942 2346 Arelatensem‚

1202 2359 1243 2387 vel
1259 2359 1348 2394 potius
1363 2358 1446 2394 illam,
1460 2367 1513 2395 qua
1528 2361 1745 2394 propugnatores
1756 2357 1848 2385 Aeacii
1859 2357 1942 2385 refel-

1201 2405 1302 2433 luntur.
1312 2404 1428 2431 Primam
1437 2404 1508 2431 enim
1519 2403 1577 2440 ipse
1586 2403 1725 2437 Baronius,
1732 2402 1778 2439 qui
1787 2410 1846 2430 eam
1855 2402 1880 2429 in
1888 2402 1945 2430 suis

1202 2449 1310 2477 Annal.
1323 2449 1397 2485 prius
1410 2449 1505 2476 retulit
1517 2448 1550 2476 ad
1559 2456 1622 2476 aun.
1634 2448 1734 2475 Christi
1748 2447 1799 2475 488
1808 2455 1881 2474 num.
1898 2454 1943 2482 vn,

1202 2494 1329 2530 scriptam
1349 2494 1431 2521 fuisse
1451 2502 1467 2520 a
1482 2492 1571 2520 Felice
1586 2492 1621 2520 lv
1638 2493 1667 2519 in
1681 2491 1831 2528 appendice
1846 2495 1911 2519 tom.
1927 2500 1945 2519 x

1202 2539 1367 2575 recognovit:
1378 2540 1463 2567 altera
1473 2547 1547 2572 vero,
1556 2538 1578 2566 si
1589 2538 1658 2566 forte
1668 2536 1751 2565 Felici
1766 2536 1889 2564 videatur
1898 2536 1945 2564 tri-

1203 2584 1320 2619 buenda,
1334 2587 1462 2612 tractatus
1476 2582 1593 2619 speciem
1603 2582 1763 2618 praesefert,
1773 2589 1854 2617 quem
1864 2580 1946 2609 edere

1202 2629 1317 2658 instituti
1331 2628 1417 2658 nostri
1427 2636 1480 2658 non
1494 2631 1543 2660 est,
1554 2627 1593 2656 uti
1607 2627 1634 2655 in
1645 2626 1730 2663 praef.
1746 2625 1942 2655 adnotavimus.
