2244 3183
226 224 273 250 An.
292 225 321 251 C.
343 224 390 251 493

251 339 349 360 Eiusdem
370 345 406 369 pre

226 367 319 412 tit-{etesia
331 367 406 386 soltici-

225 396 250 413 'u-
263 399 281 412 0.

265 1030 403 1059 Orientalium

220 1059 358 1081 pertinaciam
368 1058 403 1078 de·

219 1084 293 1108 plorat.

243 1936 264 1956 In
281 1941 351 1956 eorum
368 1941 400 1956 sa-

220 1963 282 1982 lutem
298 1967 335 1987 pro
353 1962 400 1983 viri-

216 1989 256 2008 hus
278 1988 400 2009 incumben-

216 2015 271 2035 dum.

455 215 518 248 0270

425 273 592 307 servorem.
618 273 659 305 Ex
681 272 795 305 litteris
817 271 975 316 siquidem
990 270 1010 311 ¹,
1036 281 1115 315 quas
1128 271 1168 304 ad

424 326 555 359 fratrem
571 331 602 359 et
613 325 840 369 coepiscopum
857 334 965 357 meum
987 324 1143 358 Serenum
1157 323 1168 340 ²

423 385 476 412 tua
502 378 641 412 charitas
667 378 855 418 destinavit,
880 377 1167 410 collaborandum⁸

422 432 480 465 sibi
503 437 555 465 tua
571 431 699 465 dilectio
720 431 892 476 perpendit
911 431 1083 474 Evangelio
1096 430 1162 472 Dei,

422 491 451 520 et
476 486 517 519 ob
543 491 692 519 aeternae
706 485 818 518 salutis
832 484 983 517 intuitum
1000 484 1093 518 etiam
1109 485 1165 517 ad-

421 539 581 573 versantia
602 550 749 583 quaeque
772 539 940 572 tolerando
966 544 1162 579 constanter,

421 599 455 626 ut
479 594 603 626 nullum
632 593 762 633 subeat,
791 593 878 636 quod
899 592 992 633 absit,
1019 592 1166 626 coelestis

421 647 510 690 regni
544 646 760 691 dispendium,
790 647 829 679 ad
851 646 937 690 quod
958 646 1080 689 utique,
1104 646 1164 678 nisi

420 700 563 743 legitime
585 700 767 738 certaveris,
792 711 855 733 non
876 705 968 744 potes
981 699 1160 744 pervenire.

419 755 519 787 Tanto
541 754 626 787 enim
648 759 830 798 praestante
850 753 987 787 Domino
1013 753 1106 786 nobis
1119 758 1166 786 est

420 807 602 840 instandum
636 807 919 851 vigilandumque,
952 813 1073 851 quanto
1105 807 1163 840 sub

421 860 490 904 ipso
515 860 579 894 tine
605 860 667 893 iam
702 861 814 894 mundi
847 861 1070 894 vehementior
1098 861 1161 893 liu-

420 914 505 947 mani
538 915 665 957 generis
689 914 789 948 hostis
810 914 959 947 insistere
979 924 1045 947 non
1066 913 1160 957 quie-

419 967 487 1000 scit.
512 967 596 1001 Nihil
625 967 846 1010 significamus
870 967 1041 1007 omissum,
1076 967 1162 1011 quod

420 1027 471 1054 aut
494 1022 690 1054 correctioni
713 1032 833 1062 rerum,
858 1033 937 1065 quas
962 1021 993 1054 in
1015 1021 1163 1054 Ecclesiis

419 1074 561 1111 Orientis
586 1075 755 1109 seminavit
775 1075 936 1115 inimicus,
960 1081 1014 1108 aut
1031 1076 1161 1108 Patrum

419 1129 538 1172 regulis
552 1134 784 1172 congruentem
809 1129 909 1173 possit
928 1128 1082 1162 adhibere
1096 1140 1162 1162 me-

419 1182 570 1216 dicinam.
600 1183 660 1216 Sed
681 1182 759 1226 quid
781 1182 938 1216 facimus?
959 1182 1038 1222 Quia
1058 1182 1162 1216 obdu-

418 1237 494 1270 ratis
525 1237 657 1270 auribus
688 1246 798 1270 vocem
833 1236 996 1279 refugiunt
1020 1236 1161 1270 veritatis

418 1290 547 1331 audire,
572 1295 725 1334 tantaque
746 1290 791 1323 vis
812 1289 916 1323 morbi
930 1289 1161 1323 saevientisin-

417 1343 540 1385 cubuit,
564 1349 599 1376 ut
622 1354 731 1376 seeum
758 1343 872 1376 malint
885 1343 988 1376 salvos
1008 1343 1161 1387 quoque⁴

417 1397 581 1430 lethaliter
601 1403 787 1440 aegrotare,
811 1407 908 1441 quam
930 1397 989 1441 ipsi
1016 1397 1160 1441 recipere

416 1451 602 1492 sanitatem,
615 1462 701 1485 nunc
711 1451 891 1485 inficiantes
901 1451 1061 1493 universa,
1078 1462 1160 1495 quae

416 1505 559 1549 ipsorum
579 1505 685 1546 cartis,
701 1505 846 1549 ipsorum
868 1505 1160 1550 sul›sm·ipti0nibus

415 1559 648 1603 approbamus,
666 1569 762 1600 nunc,
778 1569 850 1592 cum
870 1558 1036 1592 manifesta
1050 1569 1157 1592 rerum

416 1611 534 1645 fuerint
566 1612 637 1645 luce
664 1612 819 1653 convicti,
847 1613 953 1656 palam
983 1617 1159 1657 aperteque

416 1666 551 1699 fatentes
571 1676 728 1707 errorem,
753 1667 839 1700 nolle
860 1677 893 1700 se
915 1672 1021 1700 tamen
1043 1666 1158 1700 reverti

415 1719 454 1752 ad
479 1719 561 1752 viam
589 1730 689 1764 purae
714 1720 927 1754 confessionis
948 1720 1156 1753 communio-

416 1773 530 1817 nisque
551 1778 703 1807 testuntes
719 1774 748 1814 ⁵,
776 1774 830 1807 sed
852 1784 909 1807 nos
929 1774 1037 1818 potius
1058 1785 1155 1818 expe-

416 1832 538 1860 ctantes
551 1827 561 1843 ⁶
580 1827 646 1861 suis
670 1827 1002 1872 praevaricationibus
1015 1828 1024 1844 ⁷
1045 1827 1156 1872 impli-

417 1880 492 1914 cari.
513 1880 728 1925 Quapropter,
745 1881 902 1924 largiente
915 1880 1028 1914 Christi
1043 1881 1155 1923 gratia,

417 1934 541 1977 magnis
561 1934 675 1968 studiis
701 1940 747 1968 est
772 1935 945 1977 agendum,
970 1940 1003 1967 ut
1025 1934 1101 1978 quia
1121 1935 1159 1968 de

417 1987 479 2021 vita
510 1993 667 2032 perpetua
696 1988 743 2022 vel
773 1988 949 2022 amittenda
969 1999 1019 2022 res
1040 1989 1156 2032 agitur,

418 2041 465 2073 vel
491 2041 641 2081 tenenda,
666 2041 779 2074 demus
804 2051 937 2086 operam
963 2041 1106 2086 quidem,
1133 2042 1159 2076 si

416 2094 543 2138 aliquos
557 2105 593 2140 ex
607 2094 680 2136 illis,
698 2100 853 2139 operante
866 2095 1015 2136 Domino,
1038 2096 1159 2129 salvare

416 2158 588 2191 possumus
601 2148 625 2183 ⁸:
642 2148 798 2192 alioquin,
815 2148 895 2182 sicut
913 2149 957 2182 ait
976 2149 1154 2193 apostolus:

451 2274 461 2300 1
485 2273 525 2300 ld.
543 2273 602 2300 cod.
625 2273 712 2300 minus
734 2273 814 2309 bene,
837 2277 865 2301 ut
885 2274 989 2311 opinor,
1009 2275 1159 2310 perspeoez'-

415 2327 480 2345 mus
498 2326 554 2346 esse
567 2319 723 2353 ferum-eun
740 2327 775 2345 em
790 2319 894 2347 litteris
912 2319 1028 2347 scilicet.

450 2362 466 2389 2
487 2361 535 2389 Hic
550 2363 625 2390 iuxta
641 2362 826 2390 Blanchinium
846 2363 962 2391 Serenus
978 2363 1095 2392 Nolanus
1110 2363 1158 2392 de-

417 2406 549 2442 signatur,
561 2407 605 2443 qui
615 2406 753 2435 Thalassio
765 2407 791 2435 in
800 2407 861 2435 Eue.
872 2407 974 2436 Nolana
984 2408 1160 2444 gubernanda
1175 2423 1177 2428 ·

416 2452 556 2478 suecessit.

451 2496 466 2523 3
486 2495 524 2523 Id.
542 2496 602 2524 eod.
617 2497 742 2532 proinde
758 2499 999 2526 collaborandum

451 2541 468 2567 4
488 2540 526 2568 td.
548 2540 607 2568 cod.
624 2541 692 2569 forte
708 2550 848 2578 perperam
865 2550 998 2578 quosque.

451 2585 468 2613 5
484 2584 522 2612 ld.
544 2585 601 2612 cod>
627 2588 778 2621 testantur,
800 2587 846 2615 sed
872 2588 960 2615 minus
981 2592 1054 2616 recte
1075 2588 1155 2617 videt.

417 2629 449 2658 ad
465 2634 533 2658 orat.
549 2633 712 2659 contextum.

945 222 1105 248 APPENDIX
1126 222 1274 247 BULLARII
1295 221 1413 247 nomm

1205 270 1245 304 Te
1265 271 1374 314 ipsum
1387 274 1511 303 castum
1530 270 1654 303 custodi
1667 271 1687 303 ⁰.
1711 270 1820 304 Perire
1840 270 1943 304 volen-

1182 328 1184 340 ⁴
1201 324 1280 357 tium
1294 323 1436 356 nitamur
1448 322 1609 356 declinare
1616 323 1844 366 perniciem-,et
1855 324 1941 368 quod

1199 377 1303 410 solum
1325 377 1429 410 facere
1450 376 1636 415 debeamus,
1661 376 1800 409 divinam
1822 386 1880 420 pro
1899 377 1939 409 it-

1200 430 1237 463 lis
1259 440 1393 464 exorare
1414 429 1634 469 clementiam,
1658 434 1693 462 ut
1713 428 1901 473 resipiscant
1925 440 1942 462 a

1200 483 1321 518 diaboli
1346 482 1488 526 laqueis,
1518 492 1535 514 a
1561 492 1625 526 quo
1651 482 1734 526 capti
1757 482 1943 516 detinentur

1200 537 1299 581 ipsius
1309 536 1473 570 voluntate
1484 534 1518 576 ¹⁰3
1531 541 1563 568 ut
1575 535 1614 568 ab
1625 535 1842 569 obstinatione
1857 546 1942 570 mor-

1200 589 1292 623 tifera
1316 588 1523 632 respirantes,
1547 594 1681 633 pestem,
1706 598 1801 632 quam
1831 600 1864 623 se
1884 590 1942 624 hu-

1201 643 1340 676 manitus
1353 642 1502 675 incidisse
1524 642 1619 676 etiam
1639 642 1697 686 ipsi
1707 642 1859 684 sentiunt,
1872 643 1942 677 inu-

1200 696 1263 729 tilis
1294 696 1507 729 verecundiae
1537 697 1694 740 languore
1726 697 1884 741 deposito,
1903 698 1942 731 ad

1199 750 1421 794 recuperanda
1454 750 1597 784 remedia
1618 750 1814 794 sempiterna
1839 751 1942 784 libero

1199 803 1296 836 corde
1320 803 1521 848 resipiscant.
1538 803 1592 837 His
1606 814 1683 847 ergo
1697 804 1844 847 cognitis,
1860 815 1943 848 quae

1198 856 1281 889 sicut
1301 856 1439 890 diximus
1449 857 1488 890 ad
1500 857 1668 900 regionum
1681 863 1859 891 vestrarum
1870 864 1943 892 sunt

1199 910 1319 944 directa
1340 910 1570 952 Pontifices,'et
1586 910 1657 955 ipsi,
1671 916 1862 955 protegente
1885 922 1942 946 vos

1198 964 1479 1004 Domino,debetis
1493 975 1561 998 esse
1573 965 1804 999 convenienter
1814 965 1936 999 instru-

1198 1018 1250 1059 cti,
1269 1018 1487 1062 etprovinciis
1498 1019 1609 1051 eadem
1623 1018 1805 1063 quibusque
1816 1018 1835 1035 ¹¹
1850 1019 1937 1053 fidu-

1197 1071 1322 1104 cialiter
1345 1071 1546 1115 praedicare.
1573 1072 1657 1105 Nihil
1678 1077 1724 1106 est
1741 1072 1826 1106 enim
1853 1073 1940 1117 quod

1197 1135 1312 1168 pavere
1330 1125 1519 1165 debeamUS‚
1536 1135 1609 1158 cum
1631 1130 1754 1159 certum
1774 1126 1814 1159 sit
1826 1137 1844 1159 a
1861 1137 1937 1162 coe-

1196 1177 1266 1211 lesti
1290 1178 1441 1222 praesule
1465 1188 1530 1212 non
1557 1179 1750 1223 derelinqui,
1773 1190 1940 1224 quossuae

1196 1232 1338 1265 veritatis
1370 1233 1530 1277 praestitit
1563 1243 1654 1266 arma
1692 1238 1848 1275 tractare,
1880 1245 1940 1269 nec

1196 1285 1373 1329 quidquam
1394 1286 1560 1320 videamus
1581 1286 1609 1320 ei
1634 1287 1795 1321 ullatenus
1814 1288 1941 1332 praese-

1196 1339 1355 1380 rendum,
1385 1351 1457 1373 cum
1488 1340 1573 1384 ipsas
1593 1340 1717 1374 animas
1733 1346 1858 1375 nostras
1880 1352 1940 1386 pro

1195 1403 1305 1426 earum
1332 1403 1390 1426 nos
1414 1393 1551 1428 voluerit
1584 1395 1686 1427 salute
1718 1400 1936 1429 contemnere.

1194 1446 1339 1486 Qualiter
1363 1452 1471 1481 autem
1496 1449 1544 1481 vel
1570 1447 1720 1492 proficiat
1740 1448 1860 1482 ibidem
1882 1459 1936 1483 re-

1195 1500 1324 1543 ligionis
1338 1501 1516 1545 integritas,
1540 1503 1588 1536 vel
1614 1502 1692 1546 quid
1718 1502 1852 1536 forsitan
1877 1504 1936 1537 ad-

1193 1560 1329 1596 seratur,
1357 1555 1485 1600 saepius
1505 1556 1598 1589 nobis
1611 1561 1715 1589 vestra
1730 1556 1859 1590 dilectio
1872 1567 1937 1591 non

1194 1609 1321 1642 omittat
1341 1610 1522 1651 ostendere,
1545 1615 1580 1643 ut
1599 1610 1790 1651 necessaria,
1813 1610 1938 1645 Christo

1193 1662 1374 1704 tribuente,
1406 1662 1549 1696 subsidia
1569 1663 1731 1708 responsis
1751 1674 1935 1708 congruen-

1194 1716 1279 1749 tibus
1304 1716 1536 1751 ministremus.
1568 1718 1771 1762 Subscriptio
1804 1719 1935 1763 Papae:

1193 1770 1276 1803 Deus
1295 1776 1323 1804 te
1338 1770 1534 1805 incolumem
1550 1771 1718 1813 custodiat,
1736 1771 1780 1805 fili
1799 1771 1939 1806 dilectis-

1194 1823 1274 1857 sime
1289 1822 1319 1856 ¹².

1416 1969 1602 2004 EPISTOLA
1623 1971 1658 2004 IV
1674 1970 1703 2004 ¹³.

1194 2060 1422 2104 Euphemiam
1446 2060 1477 2094 S.
1508 2060 1545 2094 Α,
1576 2062 1837 2095 communionem
1856 2063 1934 2096 sub-

1239 2105 1323 2138 dolis
1356 2105 1474 2138 litteris
1502 2105 1700 2139 sollicitanti
1725 2107 1874 2140 rescribit
1902 2107 1938 2140 in

1240 2150 1335 2182 illam
1354 2160 1420 2183 non
1444 2160 1508 2183 esse
1524 2150 1771 2192 restituendum,
1792 2151 1938 2195 quicum

1176 2187 1178 2200 ι

1175 2203 1178 2222 l

1229 2276 1246 2303 6
1266 2275 1294 2303 Id
1306 2276 1365 2303 cod.
1388 2275 1516 2311 ineptius,
1528 2279 1557 2303 ut
1573 2276 1678 2312 opinor,
1696 2279 1854 2312 expectant.

1231 2321 1244 2347 7
1260 2320 1299 2348 Id.
1317 2320 1376 2348 cod.
1393 2328 1536 2356 perperam
1548 2321 1845 2356 praevaricatoribus.

1229 2365 1244 2393 8
1264 2365 1302 2392 ld.
1320 2364 1487 2392 codmelius
1499 2365 1651 2400 possimus.

1228 2409 1244 2436 9
1261 2409 1270 2436 1
1290 2409 1408 2437 Timoth.
1425 2417 1451 2445 v,
1472 2409 1515 2436 22.

1232 2453 1263 2480 10
1279 2453 1319 2480 ld.
1336 2453 1395 2481 cod.
1408 2462 1551 2490 perperam
1571 2454 1675 2483 inutili
1690 2455 1845 2483 voluntate.

1231 2500 1257 2526 11
1278 2498 1317 2525 ld.
1334 2499 1393 2526 cod.
1412 2498 1487 2526 addit
1505 2500 1659 2535 contiguis.

1232 2543 1263 2570 12
1278 2543 1343 2571 Jaffe
1360 2544 1376 2571 Ι.
1394 2552 1417 2571 c.
1434 2544 1523 2571 datam
1539 2547 1659 2572 autumat
1674 2553 1737 2572 ann.
1752 2544 1813 2572 492.

1229 2588 1263 2616 13
1272 2587 1309 2614 Ex
1318 2587 1402 2615 Labb.
1416 2588 1521 2616 Concil.
1536 2588 1648 2617 Gollect.
1665 2591 1777 2623 tom.1v,
1789 2588 1841 2617 col.
1856 2589 1932 2617 1157.

1193 2631 1394 2669 Euphemianus
1417 2631 1506 2660 statim
1527 2640 1558 2660 ae
1573 2631 1707 2661 Gelasium
1726 2631 1807 2661 Felici
1835 2632 1934 2662 subro-

1969 221 2016 248 An.
2034 221 2062 248 C.
2087 220 2142 249 493

1976 1453 2099 1476 Crebrieres
2107 1455 2138 1476 lit-

1954 1482 2011 1502 toras
2031 1483 2136 1508 expectat.
