2244 3209
893 247 939 253 -
966 236 1015 262 vu
1044 247 1088 252 ψ-

246 299 418 341 Minime
462 297 631 349 quidem
673 309 749 337 nos
787 294 902 337 decet
933 295 1128 346 profanos
1163 295 1352 338 homines
1383 296 1509 339 huius
1543 303 1625 339 tam
1657 298 1784 350 ampli

193 371 340 424 Operis
363 370 597 412 institutum
619 374 658 410 et
677 367 822 409 merita
844 365 1188 418 praeclarissima,
1212 367 1309 410 item
1330 368 1466 411 media
1488 375 1526 411 et
1547 369 1788 412 adiumenta

193 444 346 497 quibus
377 442 611 484 confectum
642 439 716 481 suit
744 438 880 481 verbis
909 452 1123 484 enarrare,
1145 439 1258 490 quod
1281 440 1378 482 satis
1408 441 1576 483 abunde
1606 442 1788 494 sciteque

194 520 402 568 praestant
436 514 477 555 in
513 512 669 554 adiecta
707 511 894 562 proxime
928 509 1191 551 praefatione
1223 509 1303 552 CC.
1339 511 1426 553 VV.
1458 526 1598 555 sacrae
1632 513 1786 556 theolo-

194 587 283 639 giae
312 593 350 628 et
380 585 441 627 Ss.
474 584 692 626 Canonum
723 581 839 634 periti
863 582 933 633 qui
954 581 1161 623 Editionis
1181 583 1391 625 curandae
1413 598 1569 626 munus
1599 599 1788 638 suscepe—

195 665 310 707 runt,
332 664 469 699 tamen
490 670 573 698 non
597 668 820 707 possumus
842 653 942 705 quin
964 654 1043 695 hoc
1065 652 1209 695 saltem
1232 668 1364 696 unum
1387 656 1648 708 attingamus,
1673 658 1786 709 quod

196 729 332 771 statim
364 727 494 770 oculis
524 725 828 778 inspicientium
860 738 902 766 se
924 724 1103 776 praebet,
1134 739 1216 776 qua
1246 739 1396 777 nempe
1426 726 1634 778 diligentia
1668 734 1705 769 ct
1735 734 1789 770 at-

197 800 376 843 tentione
411 796 765 851 perspicacissima
802 809 947 838 omnes
982 796 1118 839 variae
1154 796 1350 839 lectiones
1385 797 1605 840 adnotatae
1640 798 1791 841 suerint

196 885 302 924 quae
332 877 421 913 tum
452 870 493 912 in
524 869 643 912 codd.
672 882 769 910 mss.
793 874 881 910 tum
902 868 943 909 in
966 868 1085 911 editis
1104 868 1390 911 voluminibus
1420 877 1657 915 occurrunt,
1687 871 1791 912 adeo

196 950 240 986 ut
269 943 311 985 in
340 943 417 984 hac
447 947 531 983 una
560 940 819 983 Recensione
844 946 1011 989 ceterae,
1034 940 1097 982 vel
1119 954 1246 983 manu
1277 941 1463 993 scriptae,
1492 941 1555 984 vel
1588 941 1691 994 typis·
1720 942 1791 984 im-

195 1027 360 1067 pressae
389 1027 473 1056 uno
502 1011 629 1055 veluti
658 1012 809 1054 intuitu
840 1011 1160 1064 conspiciantur.

248 1085 404 1128 Mirum
433 1098 556 1137 porro
587 1090 658 1134 est,
680 1090 726 1126 ut
746 1084 922 1136 quisque
944 1083 1127 1136 prudens
1149 1083 1246 1127 satis
1277 1089 1350 1137 per
1379 1099 1422 1127 se
1450 1084 1661 1137 intelliget,
1692 1091 1794 1138 quot

195 1157 316 1199 nobis
347 1156 491 1209 perlati
520 1155 700 1206 labores,
732 1162 833 1208 quot
862 1156 991 1198 factae
1020 1155 1232 1208 impensae
1264 1156 1316 1198 ad
1350 1162 1512 1198 tantum
1545 1171 1670 1209 opus,
1700 1157 1791 1199 her-

197 1228 341 1279 culeis,
370 1234 416 1270 ut
444 1228 580 1278 aiunt,
610 1227 795 1270 humeris
825 1227 1159 1277 formidandum3
1189 1228 1407 1271 itineribus
1442 1242 1627 1281 namque
1667 1228 1790 1272 confi-

197 1300 369 1345 ciendis,
399 1299 515 1342 libris
545 1299 731 1351 undique
753 1299 995 1351 colligendis
1016 1306 1055 1342 et
1074 1300 1280 1350 emendis,
1311 1300 1541 1352 peritorum
1571 1301 1792 1343 hominum

196 1371 444 1413 adhibendis
472 1370 663 1422 ingeniis,
693 1370 869 1412 archivis
896 1370 1052 1422 ubique
1081 1370 1271 1412 locorum
1302 1372 1588 1414 examinandis
1618 1378 1656 1414 et
1687 1373 1793 1415 codi-

197 1442 314 1484 cibus
349 1441 629 1484 exscribendis
658 1441 832 1493 vigiliae,
866 1455 1006 1492 curae,
1037 1440 1335 1484 sollicitudines
1369 1442 1542 1493 multae,
1576 1450 1615 1485 et
1648 1444 1793 1496 ingens

197 1512 470 1564 pecuniarum
505 1512 670 1563 pondus
706 1525 811 1563 opus
841 1518 968 1554 erant.
999 1512 1054 1554 At
1083 1513 1116 1554 si
1145 1520 1274 1556 euntes
1312 1514 1457 1556 ivimus
1493 1528 1614 1566 saepe
1653 1514 1792 1557 defati-

197 1583 277 1635 gati
308 1589 347 1625 et
377 1582 510 1624 taedio
548 1582 730 1634 oppressi
767 1583 954 1624 mittentes
982 1584 1157 1629 semina,
1194 1597 1308 1626 nunc
1343 1586 1522 1628 venimus
1558 1600 1648 1627 eum
1684 1587 1791 1629 errul-

196 1655 337 1696 tatione
360 1660 560 1706 portantes
595 1654 645 1696 de
676 1653 962 1696 benedictione
1001 1653 1170 1696 Domini
1202 1655 1351 1698 uberes
1380 1657 1609 1709 mamfpulos
1639 1665 1792 1700 nostros

197 1725 283 1775 (Ps.
315 1739 445 1775 CXXV,
467 1725 520 1776 6).
553 1725 719 1767 Etenim
739 1725 787 1767 D.
808 1724 855 1767 O.
876 1725 930 1767 M.
962 1726 1171 1768 bonorum
1201 1727 1391 1770 omnium
1422 1728 1605 1780 largitori
1636 1729 1790 1780 impen-

198 1796 379 1839 sissimas
408 1803 542 1849 grates
572 1797 805 1843 referentes,
830 1811 1097 1849 summopere
1126 1798 1331 1841 laetamur
1359 1800 1633 1852 recogitantes
1664 1815 1791 1853 quan-

200 1873 288 1910 tum
319 1868 551 1910 ornamenti
579 1875 617 1910 et
638 1868 830 1920 praesidii
852 1867 1089 1912 Catholicae
1111 1869 1320 1913 Ecclesiae
1341 1877 1380 1913 et
1400 1870 1497 1914 Sedi
1518 1863 1793 1924 Apostolicae‚

201 1953 303 1991 quas
332 1953 427 1990 erga
457 1945 654 1991 perpetuo
684 1940 788 1982 inest
817 1940 964 1983 animis
990 1942 1141 1984 nostris
1171 1943 1413 1985 omnimoda
1443 1942 1545 1986 fides
1576 1950 1614 1986 et
1644 1944 1794 1996 pietas,

199 2017 237 2052 et
278 2016 482 2062 quantum
518 2011 660 2062 utique
697 2011 880 2054 utilitatis
917 2019 955 2055 et
989 2014 1144 2065 gratiae
1182 2014 1254 2056 toti
1291 2013 1477 2058 fidelium
1513 2015 1795 2063 multitudini,

200 2081 300 2132 quin
331 2088 367 2123 ot
397 2081 612 2124 universae
641 2083 858 2125 hominum
890 2084 1073 2127 societati
1103 2085 1381 2128 obventurum
1413 2087 1463 2129 sit
1492 2101 1544 2130 ex
1577 2093 1684 2130 nova
1717 2088 1795 2130 hac

199 2159 258 2194 tot
294 2159 607 2205 tantorumque,
644 2154 684 2196 in
719 2155 873 2207 quibus
903 2170 1168 2200 summorum
1205 2157 1459 2201 Pontificum
1497 2159 1721 2201 auctoritas
1757 2166 1795 2202 et

199 2224 398 2275 sapientia
429 2224 614 2277 refulget,
645 2235 1014 2270 monumentorum
1036 2229 1227 2272 editione.
1250 2229 1402 2273 Nonne
1426 2231 1482 2273 ibi
1514 2231 1794 2283 conspicimus

200 2309 283 2347 qua
313 2295 471 2338 ratione
502 2302 600 2339 tunc
630 2297 846 2342 Romanae
876 2299 994 2343 Sedis
1025 2301 1266 2348 auctoritas,
1297 2316 1403 2354 quae
1433 2303 1635 2345 universis
1670 2303 1794 2346 rebus

201 2367 395 2408 humanis
421 2367 747 2421 circumquaque
769 2370 1050 2414 fatiscentibus
1072 2372 1158 2414 sola
1180 2373 1354 2425 perstitit
1374 2374 1558 2424 immota,
1580 2374 1792 2427 ipsiusque

198 2436 441 2480 Antistitum
472 2439 672 2491 sapientia
702 2447 740 2482 et
769 2442 1012 2486 universalis
1040 2443 1273 2487 sollicitudo
1304 2445 1491 2497 regimini
1523 2445 1790 2488 ecclesiarum

200 2516 238 2550 ct
268 2509 519 2561 populorum
552 2512 771 2563 praesedit,
803 2528 1043 2567 novumque
1070 2516 1194 2558 istum
1222 2516 1453 2559 saeclorum
1484 2517 1692 2562 ordinem,
1724 2531 1792 2559 no-

201 2594 299 2622 vum
333 2581 476 2623 orbem
514 2583 785 2626 christianum
823 2586 1134 2637 quodammodo
1176 2588 1432 2639 procreavit?
1466 2589 1589 2641 ipsius
1625 2589 1730 2630 enim
1763 2596 1795 2630 et

200 2665 320 2701 (semes
349 2665 487 2695 smnus
509 2653 613 2704 (Act.
635 2669 739 2705 xvu,
757 2655 838 2708 28),
861 2657 982 2704 illius,
1003 2658 1186 2710 inquam,
1209 2658 1328 2701 Sedis
1358 2660 1480 2702 veluti
1513 2660 1727 2711 progenies
1756 2666 1795 2701 et

196 2721 353 2764 factura
396 2730 492 2766 sunt
529 2732 735 2778 quotquot
774 2728 852 2770 sub
888 2729 999 2772 caelo
1034 2735 1176 2782 gentes
1213 2729 1448 2773 Christiano
1490 2730 1669 2773 Nomine
1709 2730 1790 2781 glo-
