2244 3183
225 184 314 211 Aac.
336 184 388 217 53ss

217 1363 311 1384 Sabinae
323 1364 393 1389 pietas

207 1389 330 1416 singularia.

215 1788 289 1809 Carnis
298 1792 386 1816 glutiam

203 1820 286 1837 vincere
306 1824 386 1841 summ-'t

201 1844 254 1864 lans.

450 175 516 209 478

427 234 523 268 ritum
551 235 650 269 nolite
679 236 877 276 extinguere,
901 237 1088 280 prophetias
1114 248 1171 271 no—

426 287 480 320 lite
489 298 654 331 spernere;
667 288 775 320 omnia
790 294 896 321 antem
915 290 1068 332 probate;
1082 292 1168 334 quod

425 339 546 373 bonum
566 347 624 379 est,
648 346 763 373 tenete.
788 341 834 373 Ab
852 342 939 374 omni
957 343 1063 386 speeie
1084 344 1168 377 mala

424 393 581 425 abstinete
602 403 667 426 vos.
686 394 754 437 lpse
768 399 874 426 autem
899 395 981 428 Deus
995 396 1082 438 paris
1096 407 1167 429 san-

424 446 543 479 ctificet
560 457 614 480 vos
628 458 686 491 per
702 447 821 490 omnia,
842 454 876 480 ut
897 448 1021 491 integer
1035 449 1166 493 spiritus

421 505 540 536 vester.
576 507 606 533 et
631 501 755 541 anima,
780 506 810 533 et
841 512 959 545 eorpus
983 502 1051 536 sine
1080 514 1161 547 que-

422 553 487 585 rela
513 553 543 585 in
569 553 707 586 adventu
725 554 850 587 Domini
868 556 969 588 nostri
988 556 1056 589 Iesu
1075 557 1164 590 Chri-

420 607 458 639 sti
485 613 654 641 sert-entur
670 621 697 640 ».

462 661 540 694 Data
558 661 703 694 kalendis
720 662 834 702 Martii,
854 663 1029 707 Lampadio
1041 669 1069 697 et
1084 664 1161 698 Ore-

417 719 463 747 ste
480 714 556 747 viris
570 715 756 748 clarissimis
777 717 974 750 consulibus.

454 775 512 804 liat.
529 776 599 805 diet
622 777 719 811 Martii,
740 787 783 806 an.
805 779 890 807 5301.

655 970 840 1004 EPISTOLA
867 972 904 1005 iv
916 972 936 1005 2.
1171 957 1175 1020 ξ

411 1060 554 1093 Sabinae
570 1062 728 1095 eccimiam
745 1063 936 1107 religionem
955 1064 1098 1097 laudans
1114 1065 1156 1098 il·
1171 1062 1173 1094 i

457 1113 524 1145 lam
541 1114 647 1157 mayis
665 1116 836 1159 massisque
851 1117 883 1149 iu
900 1118 1066 1160 proposito
1080 1129 1154 1151 con-
1170 1126 1173 1160 ζ

454 1166 577 1208 firmat.

573 1249 655 1277 Felix
671 1250 832 1285 Episcopus
852 1251 989 1280 Sabinae.
1169 1238 1171 1281 i

454 1311 623 1353 Singulare
654 1313 861 1347 membrurn³
886 1315 1049 1349 Ecclesiae
1078 1322 1171 1372 tuae!

409 1363 575 1405 religionis
605 1366 851 1410 amplitudinem
888 1368 1040 1411 existere,
1073 1376 1100 1403 et
1134 1382 1151 1404 a
1168 1376 1170 1379 ’

408 1417 503 1450 nobis
522 1419 780 1454 reverentissime
799 1421 873 1463 coli,
895 1422 971 1456 satis
986 1429 1032 1456 est
1046 1424 1169 1463 omni-.

407 1470 466 1505 bus
488 1472 703 1507 manifestum.
732 1475 764 1508 ln
784 1475 853 1519 ipso
871 1476 955 1509 enim
979 1477 1069 1521 apice
1095 1464 1169 1530 n0-{

406 1524 541 1559 bilitatis
569 1527 670 1562 multo
697 1529 892 1564 nobiliorem
913 1531 1073 1566 Ecclesiae
1097 1533 1169 1585 ‹le-t

407 1578 568 1613 votionem
584 1580 754 1625 impendis,
777 1588 805 1616 et
825 1584 925 1627 magis
937 1585 1020 1619 laeta
1034 1585 1150 1620 Christi
1166 1588 1169 1631 ξ

404 1633 567 1675 agnitione
588 1636 768 1680 praeceptis
789 1636 857 1671 eins
879 1638 1094 1684 obtemperas,
1120 1646 1147 1674 et
1165 1636 1168 1672 .'

406 1685 436 1718 in
462 1686 525 1720 tide
544 1689 650 1731 potius
672 1690 805 1732 exultas,
841 1702 937 1735 quam
958 1693 1035 1727 tanti
1054 1699 1167 1741 gene-3!

403 1738 447 1771 ris
472 1738 552 1773 ssore
570 1740 708 1775 iactaris.
740 1742 874 1778 Summa
898 1745 997 1779 virtus
1018 1746 1085 1780 est⁴
1106 1744 1167 1781 x·i-?

403 1791 483 1825 cisse
501 1793 639 1835 gloriam
655 1796 778 1837 carnis3
797 1802 827 1830 et
841 1808 958 1841 magna
972 1804 1017 1832 est
1030 1799 1148 1834 Christi
1164 1804 1165 1808 ’

402 1845 504 1887 gratia
523 1846 539 1891 ⁵·
564 1847 766 1883 nobilitatem
789 1850 935 1885 moribus
962 1862 1165 1904 supe1·asse‚{

437 1971 447 1996 1
468 1969 534 1997 jaffe
549 1970 612 1998 huic
626 1979 670 2007 ep.
687 1980 752 2000 ann.
769 1973 864 2002 incert.
882 1975 1015 2011 adsignat.
1162 1944 1165 1965 i

435 2019 451 2046 2
467 2019 504 2047 Ex
520 2020 605 2048 Labb.
622 2021 729 2050 Concit.
749 2023 858 2052 collect.
876 2027 943 2052 tom.
962 2034 993 2060 v,
1011 2026 1062 2054 col.
1082 2027 1144 2054 797.
1161 2047 1163 2052 ,

400 2063 475 2092 Cont.
493 2064 584 2092 Const.
610 2066 800 2095 animadvertit
821 2067 978 2097 huiusmodi
994 2069 1144 2098 documen·
1160 2074 1163 2097 t

400 2111 456 2135 tum
471 2117 485 2136 e
500 2110 616 2145 genuina
631 2111 769 2140 innocent.
793 2112 813 2147 l,
830 2117 857 2140 et
873 2122 887 2140 e
910 2114 1002 2149 spuria
1016 2115 1143 2143 Pseudo·
1159 2101 1163 2136 i

400 2152 518 2187 Dyouisii
537 2155 615 2191 epist.
633 2156 712 2184 simul
731 2157 864 2193 copulatis
878 2158 963 2187 fuisse
978 2163 1142 2188 contextum.

433 2202 450 2228 3
471 2201 541 2230 llaec
565 2204 599 2231 ad
625 2206 698 2233 verb.
721 2208 903 2242 Quapropter
923 2208 949 2235 in
965 2209 1080 2244 epistola
1095 2210 1142 2237 In-

400 2251 516 2278 nocentii
529 2251 581 2279 PP.
599 2254 719 2289 reperies
729 2255 800 2290 apud
816 2255 904 2283 Caras.
921 2260 984 2284 tom.
997 2262 1097 2294 t,part.
1113 2265 1142 2292 11⁷

398 2307 460 2335 pag.
476 2301 520 2327 63.

436 2349 451 2375 k
468 2348 496 2375 ln
513 2358 558 2376 nn.
575 2350 654 2378 codd.
673 2353 751 2387 1340,
768 2353 847 2388 3791,
864 2355 891 2382 in
906 2356 990 2383 Labb.
1007 2356 1040 2384 ad
1055 2365 1140 2393 marg.

398 2402 425 2425 et
440 2398 466 2425 in
483 2399 529 2426 cit.
553 2408 596 2435 ep.
622 2400 720 2436 legitur
748 2413 760 2429 α
771 2404 910 2432 Summae
926 2406 1043 2434 virtutis
1058 2409 1098 2435 est
1115 2416 1138 2433 n.

434 2448 451 2473 5
466 2447 550 2476 Labb.
566 2449 633 2476 ibid.
650 2458 772 2485 maynae
785 2454 911 2487 gratiae.

433 2498 450 2523 6
468 2498 519 2526 «S.
535 2498 646 2534 (iregor.
671 2508 714 2535 ep.
735 2500 768 2527 ad
790 2502 943 2537 Angustia,
963 2505 1077 2541 eiusque
1093 2514 1140 2534 co-

398 2546 477 2574 mites
495 2547 521 2574 in
549 2548 673 2584 Angiiam
702 2550 797 2578 missos
824 2552 894 2587 apud
919 2552 1018 2582 Bedam
1043 2555 1090 2583 lib.
1119 2563 1139 2591 ι,

398 2602 455 2631 cap,
476 2601 527 2625 xm
541 2608 562 2624 n.
586 2597 670 2626 Labbr
686 2598 718 2627 ad
733 2607 817 2636 marg.

946 191 960 212 ,λ
967 189 1099 214 ΡΡΕΝΙΠΧ
1126 190 1270 218 Bt'LLAmt
1296 193 1414 218 notum

1206 239 1337 274 domina
1355 242 1421 275 iilia
1435 244 1551 277 merito
1568 244 1709 279 illustris.
1734 247 1826 281 Certa
1845 248 1946 291 igitur

1204 292 1352 334 existens,
1375 294 1594 337 dilectissima,
1618 297 1700 331 vitae
1717 299 1823 341 huius,
1844 312 1944 345 quae-

1203 356 1343 390 cumque
1363 355 1448 389 sunt,
1476 350 1578 392 spatia
1602 352 1739 384 aeternis
1764 353 1944 398 divinisque

1201 398 1314 432 officiis
1340 400 1502 435 illustrare
1529 405 1702 446 contende,
1730 406 1840 450 utqui
1861 407 1941 440 insi-

1201 462 1295 494 gnem
1312 460 1340 487 te
1353 455 1522 498 praestitit,
1537 457 1650 491 reddat
1663 458 1723 492 sihi
1737 469 1796 503 per
1815 460 1944 494 saecula

1200 505 1382 541 clariorem.
1415 508 1620 555 Quapropter
1652 517 1739 545 tuam
1772 512 1944 548 hortamur

1199 559 1419 603 dilectionem,
1442 569 1475 596 ut
1496 564 1632 606 bonum,
1660 566 1746 610 quod
1772 566 1905 611 coepisti
1917 567 1939 608 ⁸,

1197 623 1327 658 semper
1347 616 1482 660 implere
1508 628 1573 651 non
1602 619 1746 661 differam
1775 620 1851 665 quia
1875 631 1941 655 non

1197 666 1348 702 laudatur
1373 670 1518 712 initium,
1546 673 1602 706 sed
1630 673 1714 707 finis.
1742 674 1939 719 Sapientiam

1196 721 1281 755 enim
1309 728 1337 755 te
1363 724 1532 758 hortamur
1559 726 1693 769 diligere
1726 733 1758 761 et
1781 728 1937 770 serutari,

1194 781 1228 807 ut
1244 776 1482 812 rationabiliter
1501 785 1532 813 et
1552 780 1716 824 sapienter
1736 781 1887 826 disponas
1908 788 1939 816 et

1194 827 1316 862 iudices
1333 841 1381 871 ea,
1405 842 1487 876 quae
1510 833 1566 866 tibi
1588 834 1760 868 commissa
1780 840 1866 877 sunt,
1890 836 1939 869 di-

1193 888 1284 916 rente
1297 883 1435 918 Domino
1454 897 1512 930 per
1529 887 1764 931 propheta1n⁷2
1790 902 1802 920 «
1821 889 1938 923 Erudi-

1193 936 1282 978 mini,
1311 938 1365 982 qui
1392 938 1542 974 iudicatis
1567 946 1684 975 terram
1698 943 1717 975 ⁸.
1746 943 1834 977 Time
1859 954 1937 987 ergo

1191 990 1376 1033 Dominum,
1397 997 1429 1026 et
1446 994 1596 1028 mandata
1610 995 1678 1029 eius
1697 1006 1789 1029 serva
1801 997 1823 1038 ⁹,
1839 1002 1870 1031 et
1889 998 1937 1031 di-

1190 1044 1252 1086 lige
1278 1056 1351 1079 eum
1378 1047 1453 1080 totis
1478 1048 1664 1089 visceribus,
1692 1056 1722 1082 et
1749 1051 1935 1094 proximum

1191 1103 1281 1131 tuum
1312 1099 1396 1132 sieut
1427 1100 1565 1144 teipsum
1585 1101 1616 1134 ¹⁰.
1649 1103 1732 1136 Deus
1761 1103 1935 1138 altissimus

1190 1151 1309 1184 creavit
1333 1152 1524 1196 sapientiam
1558 1154 1590 1186 in
1615 1154 1736 1198 Spiritu
1756 1162 1880 1199 sancto,
1904 1164 1936 1191 et

1188 1205 1278 1246 vidit,
1303 1211 1333 1238 et
1350 1206 1567 1241 dinumeravit
1587 1219 1624 1242 ea
1643 1214 1774 1251 terram,
1794 1216 1826 1244 et
1844 1221 1934 1244 men-

1188 1269 1241 1291 sus
1267 1264 1313 1292 est
1334 1258 1365 1300 ¹¹,
1396 1265 1426 1293 et
1452 1260 1566 1294 effudit
1590 1261 1677 1295 illam
1706 1264 1934 1307 superomnia

1187 1321 1287 1355 opera
1312 1324 1380 1354 sua,
1402 1319 1433 1347 et
1456 1324 1554 1358 super
1573 1325 1704 1349 omnem
1723 1327 1854 1350 carnem
1874 1328 1928 1351 se-

1187 1366 1330 1400 cundum
1363 1368 1474 1401 datum
1500 1379 1595 1402 suum
1614 1369 1636 1386 ¹²
1660 1371 1812 1414 praebuit
1842 1371 1930 1405 illam

1187 1420 1396 1463 diligentibus
1416 1432 1460 1455 se.
1484 1422 1594 1456 Timor
1611 1423 1752 1465 Domini,
1772 1424 1875 1467 gloria
1900 1431 1932 1458 et

1185 1473 1337 1516 gloriatio
1350 1473 1382 1515 ¹⁸,
1406 1480 1434 1508 et
1457 1486 1578 1509 corona
1589 1477 1804 1511 exultationis.
1821 1478 1931 1511 Timor

1185 1527 1314 1562 Domini
1335 1529 1507 1563 delectabit
1524 1541 1590 1572 eor,
1612 1537 1642 1564 et
1662 1531 1751 1565 dabit
1775 1532 1929 1566 laetitiam
1945 1535 2131 1584 min'fissg‘gffissgj

1185 1587 1216 1615 et
1240 1583 1394 1625 gaudium
1414 1584 1445 1617 in
1463 1585 1698 1628 longitudinem
1718 1586 1856 1620 dierum.
1880 1586 1930 1621 Ti·
1945 1589 2010 1611 ‘¹³⁸0-

1184 1636 1283 1670 menti
1308 1637 1481 1671 Dominum
1507 1639 1589 1673 benc
1615 1639 1675 1673 erit
1700 1640 1731 1673 in
1764 1640 1925 1681 extremis,

1183 1697 1214 1724 et
1238 1691 1270 1724 in
1296 1692 1347 1726 die
1372 1693 1587 1727 defunctionis
1607 1705 1684 1727 suae
1701 1694 1925 1728 benedicetur.

1182 1745 1317 1779 Dilectio
1337 1746 1391 1780 Dei
1406 1746 1605 1780 honorabilis
1623 1747 1797 1791 sapientia;
1812 1747 1930 1791 quibus

1182 1804 1290 1832 autem
1320 1800 1509 1844 apparuerit
1535 1799 1567 1832 in
1587 1800 1671 1841 risu,
1695 1800 1834 1843 diligunt
1857 1810 1928 1834 eam

1183 1852 1213 1885 in
1241 1853 1361 1887 visione
1377 1881 1384 1894 ,
1420 1859 1450 1888 et.
1476 1854 1507 1887 in
1528 1854 1691 1896 agnitione
1730 1854 1928 1897 magnalium

1979 579 2082 601 Sabinam
2090 580 2140 602 hor-

1957 608 2020 636 tatur,
2029 609 2051 627 ut
2059 608 2141 634 coeptis

1958 635 2047 654 inSistat.

1162 1971 1164 1978 ’
1217 1979 1232 2005 7
1248 1978 1313 2007 Cod.
1337 1987 1365 2006 n.
1389 1979 1455 2007 3791
1474 1979 1583 2007 dicente
1599 1980 1754 2014 prophetaz
1777 1980 1836 2007 cod.
1856 1980 1925 2008 1340

1180 2031 1207 2050 n.
1229 2023 1292 2050 lect.
1309 2023 1449 2051 adhaeret.

1217 2068 1232 2095 8
1249 2068 1348 2096 Psalm.
1364 2077 1395 2104 11,
1414 2068 1455 2096 10.

1214 2113 1230 2140 9
1246 2113 1335 2141 Eecle.
1346 2113 1451 2147 x11,13‚
1462 2113 1508 2141 ubi
1520 2113 1594 2149 Vulg.
1606 2113 1696 2149 legit:
1717 2125 1729 2139 ι
1741 2114 1831 2142 Deum
1842 2115 1922 2150 time,

1179 2160 1205 2186 ct
1225 2158 1366 2186 mandata
1381 2159 1442 2186 eius
1461 2159 1579 2187 observa
1596 2168 1620 2186 ».

1215 2202 1248 2231 10
1258 2202 1324 2230 Luc.
1336 2211 1362 2236 x,
1373 2202 1417 2234 27.
1430 2203 1475 2230 ubi
1487 2203 1537 2231 ait:
1550 2204 1658 2238 Diliqes
1666 2204 1823 2232 Dominum
1832 2204 1922 2232 Deum

1179 2249 1261 2274 tuum
1283 2256 1320 2275 ezr
1334 2250 1391 2276 toto
1407 2248 1489 2276 corde
1505 2252 1602 2283 tumet
1616 2257 1652 2276 ex.
1668 2251 1725 2277 tota
1741 2249 1844 2276 anima
1859 2251 1920 2284 tua,

1177 2295 1204 2321 et
1219 2300 1255 2320 eat
1269 2292 1402 2320 omnibus
1426 2293 1539 2321 viribus
1558 2293 1625 2329 tuis,
1642 2296 1669 2321 et
1684 2302 1720 2320 ex
1735 2293 1817 2321 omni
1830 2295 1921 2321 mente

1177 2340 1246 2370 tua;
1262 2340 1288 2366 et
1301 2338 1472 2373 prozimum
1487 2341 1581 2372 tuum,
1597 2339 1669 2367 sieut
1683 2339 1816 2374 teipsum.

1214 2383 1243 2410 11
1266 2382 1330 2410 Cod.
1351 2383 1410 2410 Vat.
1436 2383 1507 2410 1340
1525 2387 1553 2411 et
1576 2383 1777 2411 dinumeravit
1798 2386 1918 2411 terram.

1176 2427 1241 2455 Cod.
1257 2431 1346 2455 autem
1366 2436 1393 2454 n.
1415 2427 1480 2455 3791
1499 2428 1565 2455 iuxt.
1580 2428 1659 2464 Vulg.
1676 2429 1727 2464 leg.
1744 2430 1771 2456 et
1784 2428 1919 2456 dinume-

1176 2472 1264 2506 ravit,
1280 2474 1307 2498 et
1321 2479 1436 2500 mensus
1456 2475 1506 2500 esc.

1212 2516 1244 2543 12
1259 2515 1367 2551 Vulgat.
1384 2515 1459 2544 addit
1473 2519 1509 2545 et.

1211 2560 1243 2588 13
1258 2560 1345 2588 Caras.
1370 2568 1430 2588 cum
1451 2560 1511 2589 cod.
1538 2561 1607 2589 1340
1620 2561 1692 2589 iuxta
1707 2559 1783 2596 Vulg.
1803 2558 1877 2587 addit
1890 2561 1919 2587 ee

1175 2604 1295 2633 laetitia.

1976 200 2024 229 An.
2042 200 2072 231 c;
2092 201 2145 231 530
