2244 3183
85 227 135 254 An.
152 227 182 254 C.
198 227 250 255 495

97 822 178 843 Etenim
188 822 226 842 iste
236 821 266 842 vel

84 848 267 874 chalced.syn0‹10

84 876 194 896 damnatur
203 882 208 899 3

899 224 923 247 S.
950 224 1102 248 GELASIUS
1122 224 1132 248 1
1152 225 1204 248 1²1³.

284 273 399 307 cusari.
428 272 459 306 Si
486 282 561 306 vero
582 271 614 305 in
633 277 835 305 caeterorum
855 271 1031 305 reiectione

284 326 421 360 concilia
446 326 626 359 necessaria
658 336 723 358 non
749 326 890 365 suerunt,
915 336 973 358 nec
1000 326 1029 357 in

283 379 351 413 istis
376 379 558 413 necessaria
586 379 682 411 fuisse
710 383 916 421 cognoscant.
952 379 999 411 An
1025 378 1029 394 ¹

283 434 315 466 in
337 433 571 466 catholicorum
587 432 768 466 deiectione
783 442 847 464 non
866 431 923 464 snit
939 442 1030 475 opus,

283 492 315 520 et
335 487 394 520 suit
418 497 615 530 magnopere
637 486 864 528 congreganda
886 485 917 517 in
938 496 1031 529 prae-

283 541 471 574 varicatoris
504 540 712 574 damnatione
749 539 886 573 confessi
903 540 917 571 ⁵?
948 539 1029 578 Quid

283 595 382 637 igitur
407 601 517 633 restat,
553 594 613 628 nisi
644 600 677 627 ut
710 594 819 627 dicant.
849 593 1030 626 haereticos

283 658 348 681 non
370 648 491 681 suisse‘?
511 648 580 681 ‘Non
602 658 679 690 ergo
695 648 733 681 de
747 648 869 691 synodo
888 658 1029 691 conque-

284 706 408 743 rantur,
430 701 486 745 qui
506 712 539 734 se
559 701 667 744 palam
686 701 925 734 communionis
942 700 952 717 ²
978 712 1029 734 ex-

284 760 394 787 ternae
415 752 588 797 perhibent
616 758 800 786 sectatores.
829 752 890 786 Cur
908 752 919 768 ³
943 752 1026 786 enim

285 807 329 841 eis
355 807 498 851 synodus
522 806 704 840 necessaria
735 806 830 839 luisse
860 806 1025 846 rideatur,

284 861 339 906 qui
361 872 394 894 se
415 866 527 894 eontra
551 860 844 894 Chalcedonensem
870 860 1026 904 synodum

282 915 391 949 venire
412 919 622 957 cognoscunt,
647 925 711 958 qua
735 914 952 958 Eutycliianus
972 924 1025 946 er-

283 979 338 1002 ror
368 979 440 1001 eum
472 967 660 1001 auctoribus
692 967 835 1010 generali
867 967 1027 1000 Ecclesiae

282 1022 382 1056 voce4
407 1023 578 1055 damnatus
604 1022 673 1055 est‘?
702 1022 765 1054 Nec
786 1021 920 1054 dubium
939 1021 1026 1065 quod

281 1076 362 1109 sicut
383 1075 416 1108 in
437 1085 632 1119 unaquaque
653 1075 789 1115 haeresi,
817 1075 905 1118 quod
927 1074 1027 1108 inoes-

281 1130 427 1164 sabiliter
451 1130 663 1174 repetendum
697 1135 760 1171 est,
789 1130 865 1173 quia
896 1130 1025 1163 firmum

282 1196 349 1218 esse
375 1185 483 1218 nullus
512 1184 648 1227 ambigit
679 1183 883 1225 christianus,
915 1194 1027 1217 omncs

282 1238 468 1283 complices,
500 1243 696 1279 sectatores,
732 1237 1027 1271 communicatores

282 1293 453 1326 damnatae
467 1293 565 1326 semel
580 1291 746 1336 pravitatis
763 1292 832 1336 pari
852 1298 936 1325 sorte
951 1302 1026 1325 cen-

281 1352 403 1380 sentur.
432 1347 573 1390 Ideoque
594 1346 627 1379 fit
654 1356 866 1390 consequens,
891 1352 925 1379 ut
945 1346 1026 1379 sicut

283 1400 470 1434 Timotheus
490 1406 585 1444 atque
617 1401 730 1434 Petrus
752 1400 862 1434 talium
887 1406 1026 1434 sectato-

282 1465 333 1487 res
355 1454 366 1469 ⁵
398 1454 577 1487 seeundum
612 1453 698 1487 illius
724 1459 868 1488 tenorem
897 1453 1022 1498 synodi,

281 1507 369 1540 nulla
394 1508 515 1542 recenti
536 1508 617 1541 sacta
637 1508 829 1542 Pontificum
849 1518 1026 1551 congrega-

283 1560 381 1602 tione,
396 1561 538 1595 damnati
553 1568 642 1603 sunt3
658 1561 703 1595 sic
721 1566 748 1595 et
765 1561 819 1606 qui
833 1562 927 1595 Petro
939 1572 1024 1595 com-

282 1614 456 1647 municarit
476 1615 621 1655 Aeacius,
639 1615 829 1647 utcriminis
849 1615 1022 1658 particeps,

282 1667 324 1700 ita
345 1679 476 1701 consors
501 1668 540 1702 sit
559 1670 659 1702 sactus
677 1674 707 1701 et
719 1679 853 1712 poenae.
872 1669 953 1708 Quid
968 1669 1026 1711 igi-

282 1728 332 1755 tur
353 1722 543 1765 ambagibus
564 1728 592 1755 et
607 1723 734 1756 nebulis
748 1723 806 1755 ista
818 1727 1022 1766 praetexunt)

282 1781 315 1808 ut
337 1775 571 1818 impudentiam
594 1787 683 1809 suam
704 1782 910 1820 mentemque
931 1786 1022 1809 resa-

280 1840 354 1862 nam
377 1830 526 1862 inanibus
540 1830 550 1845 5
570 1830 676 1873 potius
691 1830 807 1863 sabulis
825 1831 930 1863 vetare
943 1831 952 1846 ⁷
974 1831 1021 1863 le-

283 1883 422 1923 thaliter,
446 1894 543 1926 quam
566 1884 735 1927 prodendo
755 1884 764 1897 ²
790 1883 1025 1917 medicinaliter

281 1948 396 1970 sanare
406 1938 603 1971 contendant.
615 1940 629 1970 ἱ)
643 1938 726 1971 Nihil
739 1938 823 1971 enim
836 1938 928 1971 nobis
938 1950 1024 1971 com-

281 2002 378 2024 mune
408 2002 481 2024 cuin
507 1992 694 2025 hominihus
714 1992 953 2026 communionis
974 2004 1025 2026 ex-

317 2109 326 2135 1
345 2108 409 2135 Cod.
436 2108 532 2135 Veron.
556 2116 617 2134 cuin
636 2108 693 2134 Vat.
709 2108 780 2135 1344
795 2109 880 2143 Eme.

314 2152 330 2178 2
350 2152 410 2179 «At.
428 2152 639 2179 communionis
662 2153 858 2180 haereticae».
882 2153 969 2181 Mansi
990 2154 1022 2180 ad

281 2206 367 2233 marg.

315 2243 330 2269 :3
347 2242 411 2269 Cod.
436 2243 494 2268 Vat.
519 2242 583 2268 3791
609 2249 750 2277 perperam
771 2242 807 2269 At
827 2243 916 2269 enim.

315 2287 330 2313 4
350 2286 414 2313 eod.
430 2286 526 2313 Veron.
544 2294 608 2313 cum
625 2286 684 2313 suis
699 2287 864 2314 auctoribus
879 2287 1024 2321 generatis

278 2331 426 2359 Ecclesiae
441 2338 520 2364 voce,·
537 2331 594 2358 Vat.
619 2330 687 2357 1344
707 2340 773 2357 cnm
795 2332 960 2360 auctoribus
975 2341 1022 2367 ye-

278 2377 389 2403 neralis
410 2376 554 2403 Ecclesiae
568 2383 640 2403 voce.

313 2422 329 2448 5
344 2421 407 2448 (jod.
426 2421 483 2447 Vat.
506 2421 571 2448 3791
595 2423 808 2449 consectatores.

314 2465 330 2492 6
350 2465 416 2493 Cod.
438 2473 464 2492 n.
484 2465 552 2493 1344
567 2465 658 2492 vanis.

314 2510 329 2536 7
345 2509 397 2536 Cit.
413 2509 472 2537 ced.
489 2510 590 2536 Veron.
608 2518 668 2536 cum
684 2517 730 2536 nn.
748 2509 850 2537 celare.

315 2554 330 2579 8
351 2553 389 2580 ld.
402 2554 568 2588 pandendo.

315 2597 331 2624 9
347 2598 430 2625 codd.
443 2598 510 2625 Vatt.
525 2598 604 2631 1344,
615 2598 678 2625 3791
697 2606 838 2634 perperam
856 2598 956 2633 legunt:
969 2599 1024 2626 nisi

284 2643 352 2677 quia
372 2643 515 2677 consessus
531 2646 570 2671 esc
589 2643 685 2677 Petro,
705 2651 791 2678 quem
810 2643 883 2678 petie
903 2652 921 2671 α
942 2644 1025 2672 Sedis

1713 215 1771 249 291

1067 278 1185 306 ternae.
1221 273 1296 306 ldeo
1326 279 1456 307 vocatur
1485 272 1699 306 adjudicium
1722 280 1808 307 certe

1065 337 1289 371 quaecumque
1303 338 1453 371 persona,
1475 334 1509 361 ut
1526 333 1580 361 aut
1600 328 1737 361 fateatur
1755 328 1808 361 oh·
1849 342 1891 363 xec
1914 349 1934 363 m
1954 343 2007 363 ma.-

1066 379 1156 419 iecta,
1178 386 1233 413 aut
1252 381 1461 414 convineatur
1474 381 1617 414 obiectis.
1636 382 1711 415 Post
1729 392 1807 415 con-
1823 375 1878 416 {iffi
1900 370 2007 395 ³m³⁹¹¹³¹¹¹

1066 433 1235 466 sessionem
1268 444 1366 477 porro
1392 434 1571 468 litterarum
1604 441 1715 469 tenore
1746 436 1805 469 de-

1064 492 1249 530 promptam
1288 498 1345 520 cur
1375 489 1415 521 ad
1447 488 1601 521 iudicium
1639 495 1809 523 vocaretur

1064 539 1209 580 Aeacius,
1225 540 1300 583 qui⁹
1313 551 1345 573 se
1357 541 1520 574 consessus
1530 547 1576 574 est
1586 542 1693 583 Petro,
1710 553 1807 587 quem

1063 592 1163 635 petita
1180 592 1271 626 Sedis
1296 594 1498 637 Apostolicae
1512 595 1741 639 praeceptione
1754 597 1809 629 da-

1065 651 1212 686 mnarat,
1248 647 1477 680 communione
1505 648 1661 687 sociasse;
1692 660 1751 683 nec
1779 650 1808 683 ei

1064 699 1152 732 credi
1168 699 1230 732 iam
1245 706 1395 733 externae
1415 701 1654 735 communionis
1680 702 1804 743 effecto,

1063 753 1110 785 vel
1136 763 1194 796 pro
1221 764 1288 794 sua,
1317 754 1364 786 vel
1397 765 1456 797 pro
1488 754 1630 796 illorum,
1667 756 1714 788 vel
1747 767 1807 799 pro

1063 805 1147 839 Petri
1174 807 1362 840 defensione
1380 807 1442 840 iam
1457 813 1575 851 posset,
1600 808 1650 841 eui
1671 820 1704 842 se
1718 809 1808 853 prius

1063 859 1236 893 miscuerat
1260 861 1400 894 nefando
1428 862 1602 903 consortio⁷
1624 863 1808 907 feceratque

1062 923 1094 945 se
1120 924 1192 945 cnm
1215 913 1282 947 eius
1297 925 1392 947 eausa
1410 914 1479 947 sine
1500 915 1702 949 dubitatione
1720 926 1807 949 eom-

1063 977 1193 999 munem
1205 968 1219 999 7
1237 967 1303 1008 Cui,
1324 968 1561 1001 examinatione
1577 967 1597 984 ¹⁰
1615 969 1804 1012 praemissa,

1062 1025 1092 1052 et
1121 1019 1275 1062 legitima,
1299 1021 1323 1053 si
1350 1021 1391 1054 ita
1417 1027 1510 1062 esset,
1534 1022 1727 1065 purgatione
1747 1034 1803 1055 su-
1836 1037 2007 1057 rimu-tutunu-

1060 1080 1170 1118 scepto
1186 1074 1215 1114 ¹¹,
1237 1075 1428 1118 regulariter
1442 1076 1641 1110 misceretur.
1659 1077 1721 1110 Sed
1734 1088 1807 1110 cum
1822 1065 2008 1118 ffifssssfflffili

1062 1129 1175 1161 eodem
1203 1130 1347 1162 nondum
1374 1129 1518 1173 legitime
1547 1129 1691 1164 discusso
1712 1137 1808 1176 atque

1062 1188 1199 1226 purgato
1239 1183 1470 1217 communione
1507 1183 1647 1217 sociatus
1661 1212 1669 1225 ‚
1709 1196 1804 1229 quam

1062 1236 1167 1269 adhuc
1183 1247 1239 1269 reo
1250 1247 1282 1270 se
1298 1237 1436 1278 miscuit,
1455 1242 1519 1270 tam
1536 1248 1597 1282 pro
1611 1238 1725 1272 eodem
1741 1249 1807 1273 non

1062 1290 1174 1323 habuit
1187 1291 1341 1335 loquendi
1360 1291 1524 1325 fiduciam.
1541 1292 1620 1325 Nam
1636 1303 1709 1325 cum
1728 1293 1807 1326 Aca-

1061 1344 1129 1377 cius
1154 1345 1244 1378 nullo
1264 1345 1433 1389 privilegio
1454 1345 1630 1386 fulciretur,
1655 1352 1689 1379 ut
1703 1346 1742 1380 de
1759 1358 1807 1380 se-

1062 1399 1168 1432 cunda
1192 1399 1268 1433 sede
1281 1398 1302 1415 ¹²
1315 1404 1423 1443 posset
1443 1400 1527 1433 serre
1548 1399 1716 1441 iudicium,
1740 1411 1805 1434 non

1061 1452 1167 1495 potuit
1195 1452 1265 1486 iure
1291 1463 1487 1496 quemquam
1510 1453 1676 1487 damnare.
1701 1453 1805 1487 Simili

1062 1506 1173 1546 modo,
1186 1505 1380 1550 nisiprimae
1391 1506 1476 1540 sedis
1490 1506 1509 1523 ¹³
1523 1507 1716 1541 auctoritate
1727 1518 1802 1552 per-

1061 1563 1164 1602 cepta,
1188 1569 1248 1592 nec
1276 1560 1481 1593 examinandi
1502 1560 1588 1594 Petri
1609 1560 1657 1594 ius
1678 1561 1802 1599 habuit,

1061 1624 1119 1645 nec
1134 1613 1312 1657 recipiendi
1335 1614 1464 1657 penitus
1478 1619 1682 1658 potestatem.
1699 1614 1770 1655 Quo
1786 1614 1805 1631 ¹²

1061 1667 1252 1709 regulariter
1273 1667 1457 1708 constituto,
1487 1678 1545 1701 nee
1570 1668 1655 1711 apud
1677 1679 1734 1701 nos
1748 1669 1804 1702 Pe·
1834 1681 1883 1701 sam
1896 1681 2004 1706 εεᾱειῃρΔ

1061 1726 1108 1753 tro
1142 1721 1301 1754 ullatenus
1333 1721 1492 1761 absoluto,
1517 1732 1613 1765 quem
1635 1722 1804 1755 damnasse
1820 1714 2003 1755 3EEE.1„-¹ll¹.⁰‘'¹¹¹³¹”

1060 1784 1117 1806 nos
1145 1774 1303 1812 novimus=
1329 1774 1529 1808 examinasse
1557 1775 1604 1807 rel
1631 1775 1804 1808 absolvisse

1059 1828 1231 1861 nescimus.
1263 1829 1368 1862 Restat
1400 1835 1434 1862 ut
1463 1828 1541 1862 illud
1555 1828 1574 1845 ¹³*
1595 1829 1800 1862 demonstre-

1060 1892 1141 1919 mus,
1163 1882 1312 1914 eumdem
1342 1884 1483 1923 Petrum,
1508 1893 1604 1926 quem
1626 1894 1659 1915 se
1679 1893 1800 1926 purga-

1061 1942 1125 1967 tum
1162 1936 1392 1969 communione
1428 1936 1587 1980 recepisse
1622 1937 1805 1980 praetendit

1059 1989 1210 2029 Aeacius,
1239 2000 1404 2033 nunquam
1437 1990 1477 2022 ali
1506 1989 1688 2023 haereticae
1709 2001 1800 2023 eom-

1840 225 1890 253 An.
1911 226 1938 254 C.
1957 228 2008 256 495

1058 2105 1238 2140 Apostolicae
1264 2106 1469 2141 praeceptione
1494 2106 1654 2140 (damnari,
1675 2115 1703 2133 sc
1728 2116 1803 2134 com-

1059 2151 1198 2178 munione
1213 2151 1356 2177 sociasse?

1096 2194 1128 2221 10
1139 2195 1202 2222 Cod.
1221 2195 1319 2222 Veron.
1338 2203 1398 2222 cum
1414 2203 1459 2222 nn.
1472 2195 1549 2223 codd.
1574 2196 1636 2228 Qua
1652 2196 1803 2223 oramina-

1059 2240 1146 2267 lione.

1094 2285 1123 2311 ‘tt
1148 2283 1212 2311 Cod.
1231 2292 1257 2310 n.
1279 2284 1343 2311 1844
1363 2284 1431 2311 forte
1451 2283 1513 2311 mel.
1532 2285 1743 2319 pzcrqalione...
1757 2294 1803 2312 su-

1057 2332 1161 2364 scepta.

1097 2374 1126 2400 1⁶2
1144 2384 1155 2398 κ
1173 2374 1278 2408 Nempe
1294 2373 1472 2401 Alexandrina
1490 2383 1513 2401 n.
1531 2374 1613 2402 Mansi
1630 2374 1662 2402 ad
1679 2383 1765 2410 marg.

1097 2420 1127 2447 13
1147 2420 1257 2447 Scilicet
1271 2428 1407 2448 romanae.

1096 2465 1126 2491 14
1143 2464 1207 2492 Cod.
1224 2464 1283 2491 Vat.
1302 2465 1369 2492 1344
1385 2465 1454 2492 sorte
1469 2465 1503 2493 ad
1518 2474 1589 2493 sens.
1608 2465 1696 2502 aptius
1712 2466 1795 2499 Quia.

1099 2510 1127 2536 tz'·
1143 2509 1206 2537 Cod.
1225 2517 1250 2536 n.
1268 2509 1333 2536 3791
1358 2513 1389 2538 ut
1405 2511 1478 2537 illud
1493 2511 1591 2539 etiam.
1611 2510 1697 2538 Unum
1707 2515 1798 2539 autem

1058 2558 1186 2590 punctum
1209 2558 1269 2590 post
1298 2555 1410 2583 verbum
1435 2556 1590 2590 nescimus,
1613 2559 1639 2582 et
1661 2564 1721 2583 mox
1742 2560 1802 2591 post

1059 2606 1150 2625 rocem
1160 2599 1336 2633 perdurasse
1351 2599 1403 2627 duo
1415 2599 1595 2635 appingimus‚
1611 2603 1639 2627 ut
1651 2604 1718 2628 orat.
1736 2608 1800 2635 per-

1058 2643 1194 2679 spicuitati
1213 2643 1298 2680 magis
1317 2643 1504 2673 inserviamus.
