2244 3183
235 213 285 240 An.
304 211 333 240 C.
349 212 400 239 534

255 539 349 565 Itemque
368 544 378 559 e
394 539 416 559 S.

234 565 356 592 scripturis.

247 1775 264 1796 E
276 1775 297 1796 S.
306 1774 417 1801 Cym-iano.

270 1961 392 1986 iterumque
408 1965 419 1980 e

236 1986 378 2009 Nazianzeno,

476 260 562 293 Ilaec
586 258 684 301 igitur
708 267 744 290 ex
764 256 913 300 plurimis
937 266 1041 300 pauca
1065 256 1171 298 diges-

432 314 543 347 simus.

476 367 575 398 Deum
603 374 677 396 vero
709 373 806 396 carne
837 372 967 406 passum
992 362 1045 395 hic
1069 361 1171 394 nihilo

433 419 539 451 minus
560 417 751 450 roboremus
771 415 937 459 exemplis.

475 471 518 503 Ex
547 470 630 503 libro
659 469 757 502 Exodi
786 479 844 512 per
870 469 997 512 Moysen
1018 467 1172 501 Dominus

433 526 558 558 locutus
579 529 641 556 cst:
666 536 677 552 «
692 523 730 555 Et
749 521 898 555 videbitis
915 522 1012 554 vitam
1033 526 1172 554 vestram

433 578 464 610 in
483 578 571 619 ligno
589 576 784 620 pendentem
800 575 806 591 ¹
820 588 848 607 ».
864 575 965 608 Deum
981 579 1087 607 autem
1106 583 1173 606 csse

433 630 527 663 vitam
549 629 703 662 Dominus
723 633 833 661 noster
847 627 877 660 in
891 627 1064 669 Evangelio
1081 628 1174 660 loan-

431 683 481 716 nis
498 682 664 726 praedicat
684 681 810 714 dicens:
837 693 848 711 α
863 680 929 723 Ego
950 691 1020 713 sum
1042 680 1103 721 via,
1124 691 1176 713 ve-

432 738 510 770 ritas
529 742 559 770 ct
579 736 642 769 vita
655 734 704 768 ⁹».

475 792 554 824 Item
572 789 735 833 Propheta
749 788 845 822 dicit:
872 802 884 818 «
900 788 932 822 Si
945 788 1058 831 affligit
1075 788 1175 821 homo

430 845 531 878 Deum
546 854 652 883 suuni,
676 843 753 886 quia
772 853 828 876 vos
846 842 1003 875 afflixistis
1018 852 1069 875 me
1081 842 1131 874 ³»7

475 898 630 941 Princeps
661 907 792 941 quoque
812 896 1042 940 Apostolorum
1064 896 1177 929 beatus

431 952 544 985 Petrus
561 951 593 983 in
610 950 745 984 Actibus
768 950 810 983 ita
828 949 916 991 dicit,
934 950 1010 983 dum
1030 949 1177 993 impieta·

432 1011 479 1039 tes
509 1005 702 1038 ludaeorum
736 1008 905 1046 argueret:
945 1015 957 1034 «
975 1003 1037 1035 Vos
1069 1008 1176 1036 autem

433 1058 537 1091 virum
563 1056 760 1089 homicidam
789 1055 913 1099 petistis
934 1055 1052 1089 dimitti
1073 1056 1174 1096 vobis,

433 1116 598 1144 auctorem
624 1119 700 1143 vero
719 1109 803 1142 vitae
828 1108 1073 1153 peremistis⁴>›.
1097 1110 1175 1142 Item

431 1175 485 1197 vas
506 1163 675 1197 electionis
689 1168 722 1195 et
735 1163 849 1195 doctor
861 1162 1006 1204 gentium
1025 1161 1070 1194 sic
1084 1172 1177 1206 prae-

432 1218 535 1252 dicat:
556 1216 612 1250 «Si
631 1216 716 1249 enim
735 1215 972 1257 cognovissent,
996 1226 1175 1259 numquam

431 1271 605 1304 Dominum
638 1268 762 1312 gloriae
789 1268 1082 1301 crucifixissent⁵».
1109 1269 1173 1301 Dou

431 1323 538 1356 minus
557 1328 663 1356 autem
685 1321 809 1363 gloriae
830 1326 877 1354 est
894 1321 988 1354 Deus.
1017 1320 1068 1354 Sic
1085 1321 1174 1364 psal-

432 1376 631 1420 mographus
651 1380 725 1409 ante
745 1374 924 1419 praedixit:
951 1387 963 1406 «
979 1374 1037 1413 Qui
1059 1379 1105 1407 est
1119 1374 1176 1407 iste

431 1441 485 1464 rex
503 1430 627 1473 gloriae
639 1429 649 1445 ⁶
660 1429 695 1462 »Ἱ

475 1486 554 1518 Item
580 1484 613 1517 in
644 1483 782 1518 Actibus
801 1482 1051 1527 Apostolorum:
1088 1495 1100 1513 «
1117 1483 1173 1515 At-

433 1538 555 1572 tendite
575 1537 665 1571 vobis
685 1542 717 1570 et
740 1536 891 1570 universo
919 1536 1025 1579 gregi,
1055 1535 1087 1568 in
1111 1546 1176 1579 quo

432 1603 488 1625 vos
508 1591 645 1636 Spiritus
662 1591 798 1624 Sanctus
822 1590 988 1623 constituit
1008 1589 1178 1633 episcopos

434 1656 547 1689 regere
571 1645 746 1678 Ecclesiam
777 1643 849 1685 Dei,
881 1654 979 1688 quam
1009 1643 1177 1687 acquisivit

434 1699 591 1742 sanguine
612 1709 671 1732 suo
687 1698 735 1731 ⁷».

478 1752 654 1797 Cyprianus
674 1751 844 1795 episcopus
865 1756 897 1784 et
920 1756 1042 1795 martyr
1059 1751 1090 1783 in
1113 1751 1179 1794 epi-

434 1806 516 1839 stola
539 1806 585 1839 De
596 1806 782 1839 Patientia:
810 1804 1002 1838 «ludicatur
1022 1804 1180 1838 iudicatu-

434 1870 511 1900 rus,
543 1865 574 1893 et
599 1859 654 1893 Dei
681 1869 788 1892 sermo
815 1859 856 1892 ad
882 1858 1045 1892 victimam
1071 1864 1180 1892 tacens

435 1913 566 1947 ducitur
583 1927 609 1945 ».

474 1967 649 2010 Gregorius
676 1966 907 2000 Nazianzenus:
944 1978 956 1997 α
972 1966 1009 1998 Et
1033 1965 1176 2008 indigui-

474 2130 483 2154 1
512 2138 524 2152 «
540 2127 623 2154 Exod.
641 2134 703 2154 xxn‘
722 2137 733 2153 ι)
750 2127 835 2155 Labb.
852 2127 885 2154 ad
906 2136 1002 2163 inarg.;
1029 2128 1069 2155 vel
1092 2128 1180 2164 potius
1196 2136 1198 2140 ·

439 2181 470 2200 ex
491 2173 553 2199 libr.
575 2173 653 2199 Num.
674 2180 728 2206 xxi,
746 2173 762 2200 8
777 2176 803 2199 et
817 2173 844 2206 9,
861 2172 906 2199 ubi
922 2173 998 2208 Vulg.
1021 2173 1098 2208 legit*
1120 2173 1180 2200 Fac

437 2219 595 2251 serpentem
617 2225 756 2249 aeneum,
780 2220 807 2243 et
826 2225 901 2251 pone
921 2226 988 2244 eum
1003 2225 1058 2251 pro
1078 2217 1179 2251 signo:

438 2261 488 2296 qui
498 2269 652 2296 percussus
667 2262 815 2296 aspeoeert't
830 2270 896 2288 eum
911 2262 994 2289 vivet.

473 2305 490 2331 2
509 2305 602 2331 Ioann.
623 2311 683 2337 xlv,
703 2306 736 2339 6,
756 2305 801 2332 ubi
821 2305 898 2341 Vulg.
920 2305 1003 2341 legit.-
1029 2306 1089 2340 Eyo
1116 2315 1181 2333 sum

439 2350 496 2383 υἰα,
508 2352 533 2376 et
554 2350 669 2383 veritas,
685 2352 709 2376 el
725 2350 793 2377 vila.

476 2395 491 2419 3
511 2393 625 2420 Malarh.
647 2401 688 2425 111,
705 2394 731 2426 8,
748 2394 794 2420 uhi
811 2394 859 2421 ait:
883 2395 915 2421 Si
934 2395 1042 2430 affliqet
1062 2395 1108 2429 tal.
1128 2396 1179 2430 leg.

440 2438 548 2472 “sllslssl)
562 2439 645 2464 homo
662 2438 753 2465 Deum
775 2446 870 2472 suum,
888 2439 959 2473 quia
972 2447 1019 2467 vos
1039 2441 1182 2475 confiyz'tt‘s

442 2482 503 2509 me?
527 2482 613 2509 Lahb.
639 2486 666 2508 et
686 2482 772 2509 Caras.
795 2482 865 2518 legg.
887 2483 913 2510 si
936 2483 1085 2518 affisst‘t...‚
1107 2486 1133 2511 et
1148 2484 1181 2510 ad

443 2535 526 2562 marg.
546 2536 557 2552 ci
576 2526 655 2553 Zach.
673 2533 709 2552 xii
727 2536 751 2553 ιι.

479 2571 494 2598 4
510 2573 567 2598 Act.
584 2577 622 2605 111,
643 2571 684 2604 14,
696 2570 742 2598 ubi
758 2571 926 2607 Vulg.1egit:
943 2573 994 2599 Vos
1008 2575 1103 2600 autem
1117 2581 1183 2600 san-

443 2617 517 2642 clum
531 2635 537 2647 ,
557 2618 583 2643 ec
607 2615 716 2644 iustum
737 2616 877 2651 negastis,
898 2619 924 2643 et
950 2617 1064 2652 petistis
1085 2618 1181 2646 virum

956 209 1118 233 APPENDlx
1138 208 1288 233 BULLAYHI
1310 207 1429 232 nomm!

1205 265 1276 288 mus
1294 256 1360 288 Deo
1377 255 1545 289 incarnato
1566 260 1597 289 et
1616 255 1824 299 mortificato,
1838 263 1874 291 ut
1890 268 1949 292 nos

1205 309 1349 342 vivamus
1364 320 1393 341 ».

1248 363 1291 395 Ex
1312 362 1396 395 libro
1409 362 1510 395 sancti
1523 362 1692 405 Augustini
1706 363 1753 396 De
1767 364 1949 398 Charilam:

1211 428 1223 446 «
1242 416 1298 448 Ille
1315 416 1413 456 enim,
1434 415 1490 460 qui
1509 415 1594 449 venit
1613 427 1672 460 per
1692 416 1796 450 crucis
1820 417 1947 450 irrisio-

1206 468 1285 501 ncs⁵
1309 468 1415 502 carnis
1443 468 1605 512 perimere
1634 469 1892 513 corruptionem,
1920 476 1952 504 et
1978 486 2148 508 maweu„-

1979 513 2048 534 uxtino
2058 513 2090 534 De
2098 512 2149 535 Cliu-

1979 540 2035 561 itute.
2172 542 2177 546 ”

1206 527 1399 555 vetustatem
1427 522 1547 555 vinculi
1576 523 1691 556 mortis
1718 528 1848 557 nostrae
1873 519 1977 560 suae}

1208 575 1320 608 mortis
1337 575 1479 609 novitate
1493 575 1679 617 dissolvere,
1697 577 1850 610 mandato
1867 587 1952 611 novo

1208 628 1283 661 fecit
1307 629 1474 662 hominem
1503 640 1641 669 novum;
1671 640 1723 663 res
1751 629 1837 663 enirn
1861 635 1952 664 vetus

1210 688 1289 722 erat,
1312 687 1348 714 ut
1367 682 1466 715 homo
1487 688 1682 724 moreretur,
1706 684 1793 727 quod
1813 694 1853 717 ne
1870 694 1954 717 sem·

1210 746 1268 779 per
1286 736 1408 768 valeret
1427 735 1460 768 in
1478 735 1621 777 homine,
1636 747 1688 770 res
1701 746 1784 771 nova
1797 737 1880 771 sacta
1891 742 1950 778 est,

1211 795 1245 822 ut
1271 790 1354 822 Deus
1387 794 1584 830 moreretur3
1615 790 1671 824 sed
1702 789 1779 835 quia
1804 790 1837 823 in
1857 801 1954 825 carne

1212 848 1359 876 mortuus
1384 849 1441 884 est,
1461 853 1526 876 non
1548 843 1581 876 in
1599 843 1771 878 Divinitate
1789 856 1817 876 ».

1255 897 1390 941 Cyrillus
1423 897 1566 941 capitulo
1595 908 1662 932 xii:
1699 897 1758 932 «Si
1789 898 1861 942 quis
1888 909 1954 933 non

1212 950 1386 984 confitetur
1398 951 1539 984 Verbum
1557 961 1687 995 passum
1705 962 1813 993 carne,
1830 957 1862 985 et
1878 962 1954 985 cru-

1212 1004 1340 1038 cifixum
1358 1015 1467 1045 carne,
1484 1010 1515 1038 et
1528 1010 1666 1038 mortem
1681 1015 1778 1038 carne
1795 1011 1951 1048 gustasse,

1210 1058 1397 1101 factumque
1413 1057 1668 1102 primogenitum
1683 1068 1719 1091 ex
1733 1058 1882 1099 mortuis,
1905 1069 1955 1092 se-

1212 1111 1355 1143 cundum
1388 1111 1476 1154 quod
1508 1111 1573 1144 vita
1597 1116 1628 1144 et
1655 1110 1823 1145 vivificans
1851 1116 1899 1145 est
1923 1116 1955 1145 et

1211 1165 1305 1204 Deus,
1333 1163 1506 1197 anathema
1530 1164 1616 1197 sit».

1254 1217 1289 1250 In
1303 1217 1439 1260 epistola
1452 1217 1567 1250 Leonis
1583 1217 1624 1250 ad
1637 1218 1850 1252 Iuvenalem⁹z
1873 1231 1885 1250 «
1896 1218 1955 1252 Ve-

1212 1281 1280 1303 ram
1306 1270 1403 1313 igitur
1422 1270 1665 1313 generationem
1688 1282 1765 1304 crux
1782 1282 1858 1305 vera
1878 1282 1955 1305 con-

1211 1323 1329 1364 firmat,
1352 1323 1506 1367 quoniam
1516 1322 1539 1340 ¹⁰
1551 1323 1584 1356 in
1604 1334 1700 1357 carne
1719 1330 1830 1358 nostra
1848 1324 1956 1359 nasci-

1211 1383 1273 1417 tur,
1298 1377 1353 1421 qui
1370 1377 1402 1410 in
1423 1383 1534 1411 nostra
1554 1388 1652 1411 carne
1672 1378 1875 1421 crucifigitur
1888 1391 1918 1412 )).

1253 1430 1405 1464 Eiusdem
1435 1441 1471 1464 ex
1493 1431 1628 1475 epistola
1652 1432 1692 1465 ad
1713 1432 1901 1466 Flavianum
1914 1431 1951 1466 ¹¹:

1216 1497 1227 1515 «
1249 1485 1460 1528 Impassibilis
1490 1486 1573 1518 Deus
1603 1495 1670 1518 non
1699 1485 1891 1528 dedignatus
1908 1492 1957 1520 est

1210 1537 1309 1571 homo
1330 1549 1398 1571 esse
1415 1538 1589 1582 passibilis,
1612 1544 1644 1572 et
1660 1538 1854 1573 immortalis
1867 1550 1956 1573 mor-

1212 1592 1249 1624 tis
1278 1592 1404 1634 legibus
1435 1591 1645 1625 subiacere».
1673 1592 1717 1625 Ex
1744 1592 1804 1625 hac
1824 1603 1956 1637 quoque

1211 1650 1302 1688 parte
1326 1645 1422 1688 plura
1439 1655 1476 1678 ex
1494 1644 1656 1687 dogmatis
1673 1643 1846 1678 lectione¹²
1864 1651 1958 1689 pote-

1212 1698 1280 1731 ritis
1306 1708 1497 1740 agnoscere.

1255 1752 1436 1786 Gloriosam
1462 1763 1539 1786 vero
1566 1757 1710 1786 sanctam
1732 1763 1861 1797 semper
1879 1753 1954 1787 Vir-

1213 1806 1320 1849 ginem
1353 1807 1486 1840 Mariam
1516 1807 1650 1851 proprie
1670 1812 1702 1840 et
1723 1806 1882 1841 veraciter
1901 1806 1956 1841 Dei

1213 1914 1371 1948 incarnati
1404 1914 1444 1947 ab
1472 1914 1625 1948 omnibus
1657 1913 1825 1948 catholicis
1856 1914 1958 1948 confi-

1213 1968 1273 2001 teri
1293 1974 1380 2002 recte
1401 1978 1469 2001 esse
1489 1969 1644 2002 docemus
1664 1968 1797 2013 proprie
1817 1974 1849 2002 et
1867 1979 1959 2002 vera-

1213 2130 1390 2157 homicidam
1406 2129 1512 2157 donari
1525 2129 1603 2157 cobis
1616 2138 1622 2163 ;
1639 2132 1786 2157 auctorem
1801 2137 1866 2158 vero
1881 2129 1958 2158 vitae

1214 2174 1406 2208 interfecistis.

1248 2219 1264 2246 5
1284 2218 1293 2245 1
1310 2217 1430 2245 Corinth.
1449 2224 1477 2252 11,
1494 2218 1520 2245 8.

1249 2264 1265 2290 6
1286 2262 1328 2290 Ps.
1348 2269 1423 2297 xxiii,
1443 2263 1470 2294 8,
1493 2263 1562 2295 Quis
1581 2266 1673 2291 esem.

1250 2308 1264 2334 7
1285 2309 1352 2334 Act..
1374 2316 1417 2339 xx,
1437 2307 1482 2342 28,
1503 2307 1548 2334 ubi
1566 2307 1640 2343 Vutg.
1662 2307 1757 2343 legit.:
1775 2308 1875 2343 posuit
1894 2308 1957 2344 epi-

1214 2360 1319 2386 scopos.

1249 2397 1265 2423 8
1288 2396 1522 2423 «Irrisionem».
1544 2397 1620 2423 Cont.
1641 2397 1734 2424 Const.

1249 2440 1266 2466 9
1285 2440 1369 2471 Quam
1384 2439 1450 2474 vid.,
1471 2440 1491 2467 si
1508 2440 1594 2474 lubet,
1615 2449 1676 2475 pag.
1696 2441 1746 2469 140
1761 2440 1787 2468 h.
1805 2440 1857 2468 vol.

1253 2485 1283 2511 10
1302 2484 1349 2511 llic
1369 2484 1457 2512 Caraf.
1474 2485 1604 2512 interiicit
1619 2485 1690 2520 ipse.

1253 2529 1279 2555 11
1303 2528 1387 2559 Quam
1403 2528 1494 2556 videre
1509 2533 1550 2556 est
1565 2537 1625 2565 pag.
1641 2529 1676 2556 26
1691 2537 1765 2565 segg.
1784 2530 1812 2556 h.
1831 2529 1882 2557 vol.

1252 2572 1283 2599 12
1303 2572 1387 2600 Labb.
1409 2576 1435 2600 et
1454 2573 1542 2602 Caras.
1559 2573 1627 2609 legg.
1644 2581 1681 2601 ex
1695 2573 1837 2608 doymatis
1858 2573 1955 2602 lectio-

1215 2625 1286 2644 num
1300 2637 1354 2644 .....

1977 211 2026 238 An.
2043 211 2073 240 c.
2092 211 2145 242 534
2187 193 2231 251 “

2007 1231 2025 1252 Ε
2037 1231 2060 1253 s.
2076 1231 2154 1254 Leonis
2192 1217 2194 1219 ¹

1969 1258 2073 1285 epistolis.
2198 1259 2199 1262 ’

2028 1814 2157 1845 Comprobat
2232 1835 2233 1838 ,

1212 1860 1402 1903 genitricem
1419 1888 1426 1901 ‚
1450 1866 1653 1904 matremque
1670 1860 1726 1894 Dei
1745 1860 1842 1894 Verbi
1862 1871 1899 1894 ex
1919 1871 1957 1894 ea
1971 1841 2154 1896 3532?me-
2206 1855 2208 1858 ’
