2244 3183
1709 198 1774 231 493
1838 207 1886 234 An.
1902 207 1931 235 e.
1952 208 2005 236 534

1057 256 1172 290 relatio
1192 257 1343 300 patefecit
1356 258 1366 274 ‘³
1378 285 1385 299 ,
1408 268 1463 291 vos
1484 255 1672 302 apostolicis
1689 256 1802 289 erudi-
1819 269 1944 291 carn-atione
1959 270 2004 296 pla-

1058 309 1199 343 tionibus
1221 311 1368 351 Sllldssl‘e}
1396 321 1469 344 cum
1496 311 1534 344 de
1553 309 1721 353 religionis
1746 320 1801 342 ca·
1819 297 2004 346 Rinwmpwba*

82 209 132 234 An.
152 207 179 234 c.
203 205 254 235 534
907 208 933 231 S.
958 207 1094 232 ioiiNNEs
1115 208 1138 232 11
1159 209 1210 233 rr.

277 260 376 290 stram
402 256 619 297 sanctitatem,
643 256 798 290 festinans
819 255 851 288 in
871 255 1023 289 omnihus

277 309 368 353 sequi
403 309 520 343 Sedem
556 309 775 353 Apostolicam
810 308 1023 342 beatitudinis

105 428 131 448 Et
150 427 263 449 monacho-

78 459 124 475 1um
152 454 262 480 perfidiam

79 481 213 502 condamnet.

108 1014 160 1035 Sese
177 1014 223 1035 eius
240 1019 261 1035 o·

77 1041 196 1062 rationibus
205 1047 261 1062 com-

77 1067 170 1088 incutiat.

91 1481 201 1502 iustiniani
211 1481 262 1502 tides

77 1508 103 1529 de
128 1508 205 1529 Christi
230 1509 263 1529 ln-

277 363 414 406 vestrae)
440 364 649 397 manifestum
667 363 761 396 nobis
778 362 913 403 faciatis,
935 362 1022 405 quod

278 427 410 458 omnes⁷
438 418 493 462 qui
521 417 687 462 praedicta
708 422 794 451 recte
812 416 1019 456 confitentur,

277 471 412 515 suscipit
439 478 544 505 vestra
571 471 745 507 sanctitas;
769 476 799 504 et
821 480 947 507 eorum,
967 469 1021 513 qui

278 524 404 558 iudaice
418 524 486 558 ausi
500 530 574 558 sunt
592 529 712 557 rectam
731 524 892 565 denegare
909 522 1019 563 fidem,

277 578 475 611 condemnat
502 577 686 623 perfidiam.
720 578 793 611 Plus
820 577 906 610 enim
928 576 973 610 ita
992 582 1023 609 et

277 631 364 665 circa
379 642 435 666 vos
455 632 602 666 omnium
624 642 716 665 amor
733 636 765 665 et
783 637 908 664 vestrae
932 630 1023 664 Sedis

277 685 392 718 crescit
420 685 615 726 auctoritas·,
647 691 678 719 et
706 695 788 728 quae
820 685 860 718 ad
889 694 944 717 vos
977 689 1024 716 est

276 738 384 772 unitas
407 744 591 772 sanctarum
620 739 831 772 ecclesiarum
860 738 1023 771 inturbata

276 792 479 831 servabitur,
513 792 645 836 quando
676 802 735 836 per
763 802 818 825 vos
850 791 1024 825 didicerint

277 855 392 879 omnes
412 845 591 879 beatissimi
613 845 757 889 episcopi
775 855 887 878 eorum
900 843 920 885 ¹,
941 855 1024 888 quae

277 900 317 933 ad
335 899 409 933 vos²
422 900 523 933 relata
536 904 622 940 sunt,
637 899 797 932 sinceram
810 904 933 932 vestrae
949 908 1023 932 san-

277 953 396 987 ctitatis
408 953 602 987 doctrinam.
616 953 758 986 Petimus
768 958 876 986 autem
886 957 1023 986 vestram

276 1006 513 1040 beatitudinem
532 1016 627 1039 orare
649 1016 709 1050 pro
729 1005 835 1045 nobis,
852 1010 884 1038 et
897 1005 952 1038 Dei
966 1015 1024 1037 no-

276 1060 325 1093 his
357 1060 529 1104 acquirere
553 1059 803 1104 providentiam.
837 1059 921 1093 Item
945 1059 1021 1092 sub-

276 1113 438 1156 scripti&
454 1113 560 1146 Deitas
578 1118 608 1146 te
626 1118 794 1147 conservet
806 1113 816 1129 ⁴²
828 1124 888 1156 per
906 1113 1024 1146 multos

277 1176 391 1206 annos,
414 1172 525 1199 sancte
542 1176 578 1199 ac
592 1166 835 1209 religiosissime
854 1166 976 1210 pater?

314 1273 488 1317 Hucusque
508 1278 612 1307 textus
632 1273 784 1317 epistotae
803 1273 986 1307 Iustiniani

533 1327 768 1370 imperatores?

322 1433 436 1477 Liquet
448 1433 575 1476 igitur⁷‚
588 1433 766 1477 imperator
777 1433 1022 1476 gloriosissime,

277 1492 313 1520 ut
327 1487 473 1521 lectionis
489 1492 581 1520 tenor
594 1492 623 1520 et
642 1487 823 1530 legatorum
844 1492 1024 1520 vestrorum

314 1632 325 1658 1
353 1630 489 1658 «Horum
502 1640 528 1657 ».
546 1629 611 1657 Cod.
627 1630 688 1657 Vat.
706 1629 786 1658 3833.

312 1675 330 1702 2
349 1675 415 1703 Cod.
439 1674 533 1702 lustin.
550 1674 584 1702 ad
600 1682 684 1710 marg.
706 1675 765 1702 «al.
787 1675 826 1702 ad
844 1683 896 1703 nos
908 1685 933 1702 ».

312 1720 329 1748 3
349 1720 415 1748 Cod.
432 1721 478 1748 cit.
494 1720 565 1748 1427
584 1721 657 1749 Item
676 1721 746 1748 haec
761 1721 946 1756 subscripti03
962 1721 1023 1748 cod.

278 1768 369 1792 autem
384 1765 465 1798 3833,
481 1766 518 1793 Et
532 1765 724 1800 subswiptioe
741 1766 842 1793 Baron.
860 1769 887 1793 et
902 1765 964 1793 cod.
982 1766 1025 1793 lu-

278 1809 355 1836 stin.:
371 1810 445 1837 Item
460 1810 632 1844 subscriptio
651 1810 718 1838 talis
732 1811 800 1845 fait.
817 1810 904 1838 Caras.
917 1810 1021 1838 nobisc.

279 1855 330 1890 leg.

314 1900 331 1926 4
350 1899 435 1927 Labb.
457 1900 491 1927 ad
511 1908 598 1935 marg.
619 1911 630 1925 κ
646 1900 680 1928 Et
699 1900 751 1928 alia
765 1909 861 1928 manu:
879 1901 1024 1929 Divinitas

278 1945 305 1972 te
320 1946 447 1971 servet».
464 1943 505 1971 Al.
522 1947 657 1972 reservet.

313 1987 331 2016 5
350 1987 436 2016 Labb.
458 1988 491 2016 ad
511 1996 597 2025 marg.
621 1999 632 2015 α
651 1989 720 2017 Dat.
742 1997 791 2017 v111
811 1990 855 2018 Id.
876 1990 943 2017 Iun.
961 2001 972 2015 »
998 1990 1024 2025 (6

279 2033 354 2069 Iun.)

313 2079 331 2105 6
350 2078 424 2106 Haec
446 2078 527 2106 verba
543 2086 592 2106 nos
611 2078 802 2107 interiicirnus.
825 2080 854 2107 In
875 2080 935 2107 cod.
957 2080 1022 2107 lust.

278 2123 310 2151 ad
327 2132 384 2159 seq.
397 2123 533 2159 praemitt.
549 2123 700 2159 inscriptio:
716 2125 857 2160 Sequitur
872 2126 1024 2153 residuam

278 2168 417 2204 epistotae
434 2169 541 2203 Papae.

315 2213 329 2240 7
349 2213 446 2240 lustin.
472 2222 516 2249 ep.
538 2213 656 2249 expleta,
680 2214 724 2242 illa
745 2214 843 2243 Pontif.
865 2214 1022 2242 resumitur.

278 2257 308 2284 In
325 2257 384 2285 cod.
403 2258 469 2285 lust.

314 2304 330 2329 8
352 2312 364 2328 α
380 2302 527 2337 Patefacit
542 2314 568 2329 ».
590 2303 676 2331 Labb.
693 2303 726 2330 ad
742 2312 829 2339 marg.

313 2347 330 2374 9
342 2346 450 2381 Bai-on„
459 2346 557 2379 Carat'.,
569 2348 694 2375 etConst.
705 2356 770 2376 mss.
781 2357 842 2376 cum
855 2349 916 2376 cod.
928 2349 1023 2376 lustin.

279 2395 307 2419 et
322 2400 385 2419 mss.
402 2396 454 2419 vat.
469 2392 538 2419 1427
552 2393 586 2420 de
601 2394 742 2428 retiyione
757 2395 917 2423 catholicae
931 2395 1009 2429 fidei.

315 2436 348 2463 10
369 2447 379 2461 ι(
398 2437 442 2464 Εα
461 2437 598 2470 scribitis,
621 2440 647 2465 et
663 2438 822 2472 publicatis
838 2449 864 2466 ».
885 2438 969 2466 Labb.
992 2438 1025 2466 ad

278 2488 365 2516 marg.

315 2527 345 2553 11
372 2536 384 2551 κ
394 2526 431 2554 Et
447 2526 534 2554 Sedes
547 2526 704 2561 apostolica
720 2527 797 2555 docet
811 2538 834 2554 η.
851 2527 921 2554 lbid.

316 2569 348 2596 1⁶2
365 2570 460 2598 Baron.
483 2579 544 2598 cum
560 2571 650 2599 Const.
669 2580 745 2603 mss„
762 2575 789 2599 et
805 2572 863 2600 cod.
888 2572 955 2599 1427
976 2572 1024 2599 de-

279 2616 377 2642 crevit.
396 2616 489 2644 Carasa
504 2617 609 2644 nobisc.
627 2617 679 2650 leg.

1057 361 1196 396 tholicae
1214 363 1299 396 fide⁹
1319 374 1356 397 ea
1377 364 1500 407 sapitis,
1523 375 1561 397 ea
1581 361 1801 407 scripsistis¹⁰,

1057 426 1094 449 ea
1111 416 1302 460 protulistis,
1319 427 1356 450 ea
1370 418 1499 461 populis
1516 417 1669 451 fidelibus
1689 416 1802 460 publi-

1057 469 1164 509 castis,
1183 480 1277 513 quae,
1298 469 1379 502 sicut
1399 470 1548 510 diximus,
1571 476 1602 503 et
1615 469 1706 503 Sedis
1720 470 1805 512 Apo-

1057 523 1190 556 stolicae
1212 523 1400 564 doetrinafl,
1418 529 1448 557 et
1467 529 1653 557 sanctorum
1672 523 1803 556 Patrum

1057 576 1242 610 veneranda
1266 576 1446 610 decernit¹²
1471 577 1661 616 auctoritas,
1691 582 1722 610 et
1745 586 1805 610 nos

1057 630 1292 664 confirmamus
1305 630 1327 647 ¹³
1340 631 1371 663 in
1390 631 1554 665 omnibus.
1575 631 1804 675 Opportunum

1058 690 1105 717 est
1129 694 1206 727 ergo
1231 694 1309 718 voce
1334 685 1539 728 proclamare
1552 683 1573 701 ¹⁴
1590 684 1801 728 prophetica:

1061 738 1136 771 Tibi
1148 737 1322 771 abwzdet¹⁵
1339 738 1463 771 coetum
1483 738 1631 781 desuper,
1649 742 1677 770 et
1696 737 1802 780 effun-

1058 791 1139 824 dant
1159 795 1283 824 montes
1302 791 1556 832 iuczmditatem,
1573 798 1602 825 et
1622 791 1718 824 colles
1737 791 1805 824 tae-

1060 844 1163 879 titiam
1177 846 1398 879 laetabuntur.
1415 847 1500 880 Haec
1517 845 1617 888 igitur
1637 846 1670 878 in
1689 844 1806 878 tabulis

1058 900 1167 934 cordis
1180 900 1320 934 fideliter
1334 901 1489 940 scribere,
1500 900 1580 933 haec
1590 897 1806 943 utpupillas¹⁷

1058 954 1230 987 oculorum
1242 954 1391 987 convenit
1401 953 1585 993 observare3
1598 963 1704 996 neque
1718 951 1805 985 enim

1058 1008 1232 1052 quisquam
1246 1013 1303 1049 est,
1320 1007 1352 1041 in
1371 1018 1436 1051 quo
1454 1007 1569 1041 Christi
1591 1006 1730 1039 charitas
1745 1006 1808 1039 ser-

1058 1067 1118 1103 vet,
1140 1062 1196 1105 qui
1212 1068 1276 1094 tam
1292 1067 1412 1103 rectae,
1433 1067 1497 1094 tam
1516 1070 1609 1093 verae
1631 1059 1807 1093 consessio-

1058 1115 1107 1148 nis
1134 1121 1258 1148 vestrae
1283 1114 1359 1148 fidei
1384 1114 1565 1156 refragator
1585 1113 1709 1154 existat,
1733 1123 1807 1146 cuin

1059 1168 1226 1202 evidenter
1250 1168 1448 1211 impietatem
1467 1167 1618 1207 Nestorii,
1642 1166 1805 1210 Eutyche-

1060 1222 1164 1266 tisque
1173 1221 1232 1256 ¹⁸et
1245 1221 1391 1255 omnium
1401 1221 1638 1254 haereticorum
1651 1220 1808 1253 damnan-

1060 1282 1118 1317 tes,
1141 1287 1240 1310 unam
1266 1286 1374 1310 veram
1403 1275 1595 1308 calholicam
1617 1274 1714 1308 fidem
1745 1275 1808 1308 Do-

1061 1330 1141 1363 mini
1161 1337 1191 1364 ct
1214 1330 1268 1363 Dei
1286 1329 1389 1363 nostri
1409 1329 1582 1363 Salvatoris
1603 1329 1674 1362 Iesu
1691 1328 1808 1362 Christi

1061 1383 1246 1426 magisterio
1261 1383 1453 1423 institutam,
1470 1388 1501 1415 ct
1516 1381 1718 1425 propheticis
1731 1391 1809 1425 apo-

1059 1437 1248 1480 stolicisque
1265 1435 1562 1480 praedicationibus
1575 1435 1697 1479 ubique
1715 1435 1809 1468 diffu-

1059 1502 1139 1532 sam⁷
1156 1497 1187 1525 et
1204 1496 1390 1525 sanctorum
1409 1500 1468 1534 per
1483 1495 1586 1524 totum
1600 1489 1712 1523 orbem
1727 1498 1807 1523 con-

1096 1634 1128 1661 13
1152 1644 1163 1658 ‹<
1185 1633 1428 1668 Confirmavimus
1447 1643 1460 1657 ›>
1488 1632 1600 1666 Carasa,
1621 1631 1713 1660 Const.
1739 1639 1804 1659 mss.

1059 1685 1120 1704 cum
1136 1677 1181 1704 cit.
1195 1677 1254 1705 cod.
1270 1677 1348 1704 1427.
1360 1693 1392 1697 —
1405 1677 1470 1704 Cod.
1487 1685 1551 1704 vero
1562 1676 1657 1704 lustin.
1670 1676 1703 1704 ad
1719 1684 1805 1712 marg.

1061 1721 1169 1749 «Malim
1185 1722 1276 1756 legere
1291 1725 1318 1750 et
1330 1723 1536 1757 confirmamus
1547 1731 1571 1746 ».
1581 1721 1664 1748 Recte
1679 1721 1803 1756 quidem:

1058 1766 1146 1801 agitur
1162 1766 1234 1793 enim
1250 1765 1283 1793 de
1299 1765 1492 1793 confirmandis
1505 1766 1533 1792 in
1549 1765 1687 1801 praesenti
1702 1764 1804 1792 doctri-

1058 1811 1099 1838 nis
1114 1819 1174 1846 sup.
1191 1810 1335 1846 expositis3
1351 1814 1377 1837 et
1392 1811 1430 1837 sic
1444 1810 1515 1846 legg.
1532 1811 1632 1837 Baron.
1650 1813 1677 1837 et
1691 1809 1777 1837 Labb.

1096 1855 1128 1882 14
1152 1866 1164 1880 ι(
1178 1855 1358 1883 Εωεῑαγνιανε
1369 1865 1394 1882 ».
1416 1855 1518 1882 Baron.
1535 1858 1563 1881 et
1578 1854 1638 1882 cod.
1655 1854 1752 1881 lustin.

1095 1899 1128 1926 15
1147 1899 1188 1926 Ita
1209 1898 1280 1935 legg.
1305 1899 1394 1926 Caras.
1420 1902 1446 1926 et
1467 1898 1553 1926 Labb.
1569 1915 1603 1918 -—
1623 1898 1688 1926 Cod.
1709 1898 1805 1925 lustin.

1058 1952 1119 1971 cum
1140 1944 1238 1972 Baron.
1255 1948 1282 1971 et
1303 1944 1394 1972 Const.
1416 1952 1481 1971 mss.
1497 1944 1677 1972 Iucundetur
1696 1943 1759 1976 tibi,
1780 1946 1807 1971 et

1058 1988 1186 2017 abundet
1204 1989 1346 2016 coelam...
1364 1988 1448 2016 Codd.
1465 1996 1511 2015 nn.
1531 1989 1595 2016 Tibi
1613 1988 1750 2022 abundet,
1766 1988 1806 2016 vel

1060 2033 1235 2061 iucundetur
1249 2034 1369 2060 coelum.
1387 2033 1458 2060 Edit.
1471 2032 1581 2068 quidam
1600 2033 1664 2060 Tz‘bz'
1678 2032 1806 2060 abundet

1058 2078 1178 2111 coelum;
1195 2077 1230 2105 al.
1243 2078 1383 2105 Iucundet
1397 2078 1461 2112 tibi,
1478 2081 1503 2105 et
1520 2077 1645 2105 abundet
1658 2077 1804 2104 coelum...

1095 2124 1128 2150 16
1143 2123 1204 2151 lsai.
1217 2129 1290 2157 max,
1305 2123 1337 2150 13
1350 2122 1394 2149 ubi
1405 2123 1479 2150 iuxta
1490 2122 1566 2158 Vulg.
1579 2122 1693 2157 legitur:
1711 2132 1723 2146 α
1736 2121 1806 2149 Lau-

1059 2168 1131 2203 date,
1154 2167 1234 2202 coeli,
1256 2171 1282 2195 et
1302 2168 1404 2201 exulta,
1426 2171 1516 2201 terra;
1543 2166 1665 2201 iubilate,
1687 2170 1804 2201 montes,

1059 2213 1204 2241 laudem».
1217 2213 1293 2240 Vers.
1306 2216 1396 2239 autem
1410 2217 1456 2237 τῶν
1471 2219 1533 2246 Lxx,
1546 2219 1560 2238 a
1572 2219 1635 2247 qua,
1648 2214 1678 2238 ut
1693 2211 1802 2245 scimus,

1061 2258 1147 2286 versio
1167 2258 1233 2285 itala
1253 2260 1330 2284 vetus
1349 2256 1492 2292 desumpta
1511 2260 1578 2287 erat,
1595 2255 1632 2283 ib.
1649 2255 1745 2283 habet:
1767 2256 1805 2280 εὐ-

1060 2305 1179 2340 ἳραίνεσθε
1200 2302 1307 2336 οὐρανοὶ,
1325 2304 1363 2326 καὶ
1379 2303 1526 2333 ‹kynumenon›
1541 2303 1555 2329 ἡ
1568 2307 1606 2335 γῆ,
1623 2302 1759 2335 ρηξατωσαν
1773 2303 1804 2325 τὰ

1060 2350 1100 2383 ἱρη
1120 2349 1271 2383 εὐφροσύνην,
1289 2351 1316 2374 el.
1334 2346 1394 2374 Ald.
1412 2346 1477 2374 edil.
1495 2346 1557 2374 add.
1575 2350 1614 2371 καὶ
1630 2348 1650 2371 οἱ
1665 2349 1744 2381 βουνοὶ
1765 2347 1803 2370 δι-

1060 2394 1194 2419 καιοσύνηνῑ
1216 2391 1300 2419 idest:
1327 2403 1339 2416 «
1356 2391 1532 2423 Laetaminz',
1549 2392 1628 2426 coeti,
1649 2394 1675 2418 et
1691 2391 1802 2424 emutta,

1060 2441 1149 2471 terra,
1158 2439 1314 2472 erumpant
1325 2440 1436 2463 montes
1446 2436 1667 2468 iucunditatem,
1679 2439 1705 2463 et
1719 2436 1803 2463 colles

1058 2482 1206 2510 iustitiam
1224 2491 1247 2507 n.
1265 2481 1324 2508 vid.
1340 2480 1421 2508 etiam
1437 2480 1478 2507 Ps.
1496 2487 1555 2514 xcv,
1572 2481 1616 2514 11,
1634 2484 1661 2508 et
1675 2487 1749 2514 exin,
1761 2480 1787 2507 4.

1094 2526 1126 2553 17
1152 2536 1163 2550 ι(
1178 2525 1211 2553 Ut
1228 2525 1416 2560 pupillam».
1438 2525 1535 2553 Baron.

1096 2570 1128 2598 18
1148 2569 1188 2597 lta
1203 2573 1229 2597 et
1245 2569 1305 2597 cod.
1322 2571 1401 2605 1427;
1418 2570 1464 2598 sed
1481 2569 1540 2597 cod.
1558 2569 1623 2597 4961
1643 2569 1693 2605 leg.
1707 2569 1803 2598 ech-

1061 2616 1190 2650 lyrltt'll's.

1849 1171 1931 1197 Quippe
1951 1177 2006 1197 quae

1821 1198 1925 1219 Nestorii.
1939 1201 1957 1219 et
1967 1198 2007 1218 Eu-

1822 1225 1913 1250 tyrhetis
1925 1230 2007 1245 errores

1823 1257 1908 1278 prorsus
1917 1252 2008 1278 repelltl.
