2244 3183
71 257 121 284 An.
138 255 166 282 C.
186 254 239 282 460

88 477 175 502 Quando
191 474 253 496 sedes

70 504 155 526 atterius
164 503 184 522 in
195 504 253 530 pote-

69 529 253 555 statempropinris

70 557 169 578 antistitis
198 555 252 576 redi-

23 612 25 614 ·
71 584 144 610 aenda.

130 954 160 975 Dc
182 954 250 974 ssu-ris·

68 981 183 1007 virginibus
203 981 252 1002 bar-

67 1008 160 1028 bancam
173 1008 252 1028 tielen—

67 1035 117 1056 tiam
135 1034 250 1061 perpessis.

933 254 958 275 S.
979 253 1045 277 -LEO
1065 255 1073 277 l
1092 256 1141 278 1¹1⁸.

268 301 317 335 sui
337 301 569 334 numerositate
593 301 732 334 vilescat.
761 300 852 340 Quod
873 311 958 333 nunc
979 301 1011 333 in

268 366 358 389 suam
380 355 576 388 dioecesim¹
595 355 761 388 restitutus
781 355 952 398 episcopus
966 355 1011 387 sa-

268 414 353 442 ctum
380 419 448 442 esse
469 413 617 442 causatus
642 415 699 448 est,
721 414 752 441 et
776 407 1013 441 rationabiliter

268 462 450 506 postulavit,
471 468 505 495 ut
524 462 547 495 si
562 461 704 506 episcopi
721 472 833 495 eorum
851 462 1008 502 locorum,

269 515 301 548 in
331 515 449 559 quibus
473 525 538 548 non
564 515 744 548 debuerant
769 514 928 556 ordinari,
950 514 1011 547 liu-

269 579 364 610 mana
381 568 567 602 conditione
585 568 789 609 decesserint,
807 569 876 601 loca
890 568 959 611 ipsa
971 569 1011 601 ad

268 622 317 655 ius
335 621 403 655 eius
423 621 572 655 antistitis
596 622 796 664 redigantur,
820 621 871 655 cui
893 622 1012 655 suerint

268 680 342 708 ante
366 675 520 719 propiora
536 676 559 708 2.
581 675 697 709 Inutile
718 681 765 709 est
785 675 883 716 enim,
906 681 941 708 ut
962 676 1010 709 di-

266 728 371 770 gnitas
403 728 622 769 sacerdotalis,
656 728 895 762 inconsiderata
917 729 1008 762 ordi-

265 782 371 815 nantis
385 781 546 823 facilitate,
568 782 732 826 superflua
741 782 1010 826 multiplicatione

267 835 432 868 minuatur
443 834 464 868 ⁸.

311 889 355 921 De
375 888 425 921 his
445 893 552 921 autern
574 899 656 932 quae
677 888 709 921 in
730 899 822 922 sacro
843 889 1009 933 virginita-

268 940 306 974 tis
326 941 493 985 proposito
514 941 705 975 constitutae
718 942 922 976 barbaricam
935 955 1009 987 per-

267 995 369 1028 tulere
389 995 585 1036 violentiam,
607 1001 638 1029 et
658 995 873 1038 integritatem
900 998 1006 1041 pudo-

267 1048 311 1082 ris
334 1059 400 1082 non
417 1049 540 1089 animo,
556 1050 612 1083 sed
626 1060 762 1094 corpore
782 1051 1005 1094 perdiderunt,

267 1113 305 1136 ea
328 1102 422 1135 nobis
441 1103 568 1136 videtur
587 1104 742 1137 servanda
762 1105 954 1146 moderatio,
974 1111 1009 1139 ut

267 1166 373 1200 neque
397 1156 429 1189 in
454 1156 623 1190 viduarum
646 1157 838 1191 deliciantur
857 1160 1005 1201 gradum,

266 1210 370 1244 necin
384 1221 548 1244 sacrarum
561 1212 835 1256 perseverantium
846 1213 1007 1256 virginum

266 1274 402 1298 numero
423 1270 625 1298 censeantur.
649 1265 781 1307 Quibus,
804 1267 830 1300 si
851 1267 883 1299 in
897 1267 1005 1300 omni-

265 1318 325 1351 bus
344 1318 554 1360 virginalibus
574 1326 790 1362 perseverant,
808 1326 839 1353 et
859 1321 1008 1354 castimo-

264 1371 337 1404 niae
355 1371 548 1405 soliditatem
564 1379 671 1406 mente
690 1374 886 1415 custodiunt,
903 1385 1007 1408 sacra-

265 1431 449 1459 mentorum
475 1436 541 1459 non
569 1433 614 1461 est
637 1429 785 1470 neganda
806 1429 1004 1470 communio,

264 1479 341 1523 quia
368 1479 522 1514 iniustum
550 1487 596 1514 est
622 1481 691 1514 illas
704 1482 712 1497 ‘¹
734 1481 767 1514 in
792 1493 829 1515 eo
847 1483 939 1525 argui
960 1483 1007 1516 vel

240 1533 379 1574 motari,
407 1535 494 1578 qnod
515 1545 579 1567 nen
604 1535 751 1569 voluntas
778 1536 924 1577 admisit,
952 1537 1007 1570 sed

263 1587 309 1621 vis
328 1587 452 1621 hostilis
473 1588 601 1632 eripuit.

299 1714 309 1740 1
333 1713 404 1740 Edit.
422 1714 452 1741 in
467 1723 521 1741 sua
536 1715 666 1742 dioecesi.
688 1714 844 1750 Perper-am.

297 1762 313 1789 *Ξ
329 1762 368 1789 ΑΙ.
391 1765 417 1790 et
432 1763 537 1790 inutile
553 1766 603 1791 est.

297 1811 314 1838 3
335 1811 375 1838 ΛΙ.
392 1813 554 1840 muniatur.

298 1861 314 1887 Ιι
333 1861 372 1888 ΑΙ.
390 1869 437 1888 ens
451 1862 483 1889 in
498 1870 527 1889 eo
544 1863 586 1889 vel
600 1864 696 1897 ιινςμιῑ.
711 1863 795 1891 Minus
807 1864 886 1892 benc.

298 1912 314 1939 5
329 1911 369 1938 At.
390 1913 540 1946 quoniam.

1691 251 1753 283 ‘1th

1090 303 1222 336 Causam
1248 316 1380 349 quoque
1402 306 1545 350 Lapicini
1567 308 1709 352 episcopi
1724 309 1788 342 illic

1046 356 1195 391 iubemus
1221 359 1342 399 audiri,
1371 360 1420 393 cui
1448 362 1584 394 multum
1611 368 1642 395 et
1661 363 1788 407 saepius

1046 411 1220 453 postulanti
1234 414 1498 447 communionem
1509 416 1568 449 liae
1582 416 1705 450 ratione
1717 418 1788 450 red-

1046 463 1198 504 didimus,
1222 466 1277 508 qui
1296 477 1367 498 cum
1382 467 1392 481 ⁵
1405 468 1444 501 ad
1462 474 1609 501 nostrum
1632 469 1787 503 iudicium

1045 520 1260 555 provocasset,
1276 515 1440 549 immerito
1458 528 1543 555 eum,
1558 519 1719 561 pendente
1733 530 1789 552 ne-

1044 565 1149 607 gotio,
1178 577 1196 599 a
1223 569 1453 603 communione
1480 571 1668 605 videbamus
1692 572 1789 606 fuisse

1045 630 1247 663 suspensum.
1261 622 1427 655 Adiectum
1438 623 1533 656 etiam
1543 624 1621 658 illud
1631 631 1688 666 est,
1701 627 1787 669 quod

1044 673 1119 707 huic
1136 679 1257 708 temere
1275 677 1559 719 superordinatum
1581 689 1649 711 esse
1669 689 1787 721 cogno-

1043 727 1164 768 scitur,
1190 728 1245 772 qui
1272 739 1336 762 non
1362 730 1473 763 debuit
1504 731 1668 772 ordinari,
1697 739 1786 767 ante-

1043 791 1140 824 quam
1165 781 1339 825 Lupicinus
1359 783 1391 815 in
1411 784 1570 826 praesenti
1588 785 1712 828 positus
1734 792 1788 819 aut

1043 835 1242 876 confutatus,
1281 842 1337 869 aut
1371 842 1457 870 certe
1486 840 1650 871 consessus
1686 839 1787 873 iustae

1043 889 1143 932 possit
1171 889 1339 923 subiacere
1359 890 1549 931 sententiae,
1566 898 1601 924 ut
1620 898 1785 926 vacantem

1044 942 1163 982 locum,
1188 943 1465 985 quemadmodum
1488 944 1657 988 disciplina
1678 947 1784 979 ecele-

1043 995 1153 1028 siatica
1168 995 1275 1038 exigit,
1299 996 1325 1029 is
1345 996 1400 1040 qui
1422 999 1685 1039 consecrabatur,
1709 1000 1787 1032 acci-

1042 1050 1166 1093 peret⁶.

1087 1103 1119 1136 Si
1140 1114 1222 1147 quae
1234 1104 1244 1120 ⁷
1256 1114 1330 1137 vero
1345 1104 1427 1138 aliae
1443 1106 1632 1139 emerserint
1657 1117 1783 1145 causae,

1043 1168 1125 1201 quae
1145 1158 1185 1191 ad
1208 1163 1325 1191 statum
1353 1159 1578 1199 eeclesiarum,
1600 1166 1630 1194 et
1647 1161 1686 1194 ad
1712 1172 1786 1195 con-

1042 1211 1186 1244 cordiam
1207 1211 1389 1255 pertineant
1407 1214 1625 1255 sacerdotum,
1646 1214 1711 1248 illic
1728 1216 1787 1249 sub

1042 1265 1158 1299 timore
1186 1266 1313 1299 Domini
1339 1267 1487 1300 volumus
1512 1268 1723 1307 ventilentur,
1757 1275 1788 1302 et

1043 1319 1081 1352 de
1099 1320 1344 1363 componendis,
1369 1326 1465 1364 atque
1486 1322 1525 1354 de
1546 1323 1732 1366 compositis
1746 1334 1783 1356 o-

1043 1373 1171 1406 mnibus
1192 1374 1231 1406 ad
1250 1384 1308 1406 nos
1325 1374 1440 1407 relatio
1458 1376 1554 1418 plena
1574 1376 1731 1415 mittatur,
1753 1384 1786 1409 ut

1042 1437 1078 1459 ea
1099 1437 1182 1470 quae
1202 1427 1289 1460 iuxta
1309 1428 1560 1462 ecclesiasticum
1583 1439 1706 1462 morem
1737 1430 1785 1462 iu-

1041 1485 1088 1513 ste
1103 1487 1133 1514 et
1147 1481 1385 1514 rationabiliter
1409 1482 1540 1515 suerunt
1559 1482 1702 1524 delinita,
1726 1494 1786 1516 no-

1041 1534 1130 1567 stra⁸
1150 1544 1280 1578 quoque
1300 1534 1459 1567 sententia
1485 1536 1692 1569 roborentur.

1085 1588 1163 1620 Data
1180 1598 1211 1621 1v
1232 1587 1303 1621 idus
1324 1588 1458 1631 Augusti
1471 1589 1491 1622 ⁹.

1076 1713 1092 1739 6
1109 1712 1148 1739 Al.
1166 1713 1318 1747 exeipraeret.

1077 1754 1090 1779 7
1112 1753 1151 1780 ΑΙ,
1174 1762 1288 1789 expung.
1307 1762 1389 1788 quae.

1076 1796 1091 1820 8
1107 1794 1146 1820 Al.
1163 1802 1234 1821 mea.

1076 1835 1092 1861 9
1108 1836 1193 1865 Quum
1209 1834 1267 1861 dies
1282 1834 1353 1861 idem
1369 1834 1403 1861 sit
1418 1843 1447 1861 ac
1458 1834 1501 1862 cit.
1515 1844 1558 1870 cp.
1572 1841 1578 1861 t
1590 1834 1653 1861 edit.
1666 1838 1782 1868 nostrae,

1041 1878 1068 1901 et
1084 1875 1196 1901 nmteria
1219 1875 1275 1902 sere
1300 1875 1404 1906 eadem,
1429 1875 1488 1902 side
1507 1879 1596 1902 utrum
1621 1875 1719 1910 aliquid
1747 1875 1779 1902 de

1040 1923 1110 1942 auno
1126 1915 1324 1943 eoniicieudum
1340 1915 1431 1942 liceat.

1818 263 1867 288 Au.
1885 264 1913 289 C.
1936 264 1986 289 ffitt

1804 324 1871 346 Quare
1886 325 1987 350 Lupi-:ino

1804 350 1886 370 reddita
1901 357 1947 371 cum
1965 352 1986 372 S.

1803 377 1826 397 Λ.
1837 382 1963 398 cummunio.

1836 1120 1865 1140 [le
1882 1120 1987 1141 lit-elesia-

1802 1152 1846 1167 rtnn
1857 1147 1927 1166 causis
1937 1148 1986 1168 SA.

1802 1173 1942 1194 referendum.
