2244 3183
261 235 310 261 An.
332 234 359 261 C.
377 234 428 261 462

286 670 339 693 Qui-l
357 677 404 690 ι-ιιιιι
424 677 443 690 s·-

260 698 353 721 pisi-:quis
370 698 443 718 inin-110

260 724 370 744 ordinatis.

492 224 557 257 0204

461 288 557 326 atque
584 291 775 315 consensum
804 286 877 314 tuae
903 281 1084 315 dilectionis
1115 281 1204 315 ordi-

461 336 525 368 nati
542 341 616 369 sunt
632 335 827 374 sacerdotes,
855 345 928 368 curn
950 335 1014 368 suis
1032 335 1204 368 debuerint

461 389 647 422 auctoribus
668 389 869 429 submoveri3
889 399 928 422 ne
949 388 1027 432 quid
1049 394 1157 422 tamen
1171 388 1203 421 in

461 448 547 475 tanta
572 442 761 476 necessitate
786 442 1000 476 decernamus
1024 448 1200 483 austerum,

460 506 514 529 eos
535 496 590 539 qui
623 496 764 540 episcopi
791 496 864 529 sacti
888 502 973 537 sunt,
994 496 1037 529 ita
1056 497 1217 530 volumus

460 560 673 593 permanere,
701 555 736 582 ut
760 549 767 565 ¹
800 549 831 582 in
861 550 1045 594 apostolicis
1073 561 1203 593 pracce-

460 603 641 647 ptionilius,
666 609 696 636 et
715 603 841 637 statutis
865 609 1051 637 sanctorum
1073 605 1201 637 Patrum

460 667 526 689 non
546 657 751 701 reperiantur
771 657 912 698 obnoxii,
927 668 963 690 ac
977 657 1128 701 deinceps
1148 657 1200 689 ni-

460 710 516 751 hil,
538 710 625 754 quod
651 716 764 743 contra
788 710 992 754 disciplinam
1013 710 1205 743 ecelesiasti-

460 774 530 796 cam
542 763 658 804 veniat,
675 763 757 797 sicut
770 763 924 797 hactenus
939 764 1057 797 sactum
1068 769 1204 807 est,pcr-

458 822 614 861 petretur.
646 818 730 850 Tuae
755 817 982 851 sollicitudinis
1014 822 1078 857 est,
1107 817 1204 851 frater

459 871 636 912 carissime,
653 870 786 904 omnia²
805 871 914 904 debita
936 871 991 904 tibi
1011 871 1203 904 auctoritate

460 925 553 966 tueri,
582 930 613 958 et
633 925 752 959 illicitis
772 935 837 958 non
858 925 955 958 modo
969 935 1035 958 non
1047 925 1203 969 praebere

458 989 635 1020 assensum,
655 979 712 1012 sed
732 979 830 1012 etiam
852 984 978 1020 cuneta,
995 989 1078 1022 quae
1091 983 1203 1012 contra

494 1123 505 1149 1
530 1133 541 1147 ιι
559 1121 660 1150 Concil.
682 1130 747 1149 mss.
771 1123 796 1150 si
817 1122 850 1150 in
872 1123 1074 1157 apostolicis».
1097 1122 1201 1150 Contin-

457 1167 548 1194 Const.
570 1167 587 1194 l.
605 1175 642 1200 c.,
658 1167 758 1203 quihus
774 1167 925 1195 adhaerent
946 1167 1024 1194 codd.
1043 1167 1109 1195 Vatt.
1135 1167 1199 1195 1341

456 1220 487 1239 ac
506 1211 586 1239 3791.
611 1212 720 1239 Rectius
741 1211 822 1239 videt.
839 1220 865 1239 n.
882 1212 972 1240 lectio.

490 1256 506 1282 2
522 1256 561 1284 Ita
576 1256 640 1284 edit.
658 1260 684 1283 et
706 1257 776 1292 plur.
798 1257 878 1284 codd.
895 1256 964 1283 Vatt.
982 1257 1088 1285 Contin.
1109 1257 1199 1285 Const.

456 1309 516 1327 cum
537 1309 600 1328 mss.
619 1301 674 1328 Vat.
689 1301 751 1336 543,
770 1301 835 1328 1341
853 1301 941 1328 omitt.
957 1301 1056 1329 omnia.
1074 1301 1115 1329 Al.
1128 1302 1199 1338 legg.

455 1345 581 1373 debitam
597 1345 648 1373 tibi
659 1346 861 1374 auctoritatem
876 1346 961 1374 tueri.

489 1389 506 1415 3
526 1389 591 1416 Cod.
613 1389 673 1416 Vat.
694 1389 747 1416 542
762 1390 882 1424 reperis,
903 1390 952 1417 sed
970 1389 1061 1426 inepte
1080 1390 1114 1418 ad
1134 1399 1199 1418 con-

455 1437 567 1462 textum.

491 1480 507 1506 4
523 1478 604 1506 Hard.
622 1483 717 1507 contra
732 1483 835 1507 auctor.
861 1480 969 1516 plurim.
987 1480 1067 1509 codd.
1093 1482 1198 1509 huma-

455 1525 554 1553 nitate.
579 1524 619 1552 Ad
639 1533 711 1553 sens.
732 1525 832 1553 rectius
851 1525 968 1553 videtur.

989 233 1141 257 APPENMX
1167 232 1318 258 BULLARII
1338 234 1459 259 ROMANI

1236 283 1382 325 regulam
1397 283 1480 316 facta
1493 283 1684 327 1·epcre1·is³,
1702 293 1866 325 cocrcere3
1883 290 1979 329 atque

1237 340 1311 369 ante
1332 335 1451 377 omnia,
1475 346 1558 379 quac
1578 336 1646 369 sola
1666 336 1811 370 unitatc⁴
1831 338 1979 371 decerni-

1238 399 1320 430 mus,
1331 390 1498 422 Irenaeum
1515 389 1555 422 ad
1568 389 1742 423 Ecclesiam
1754 401 1844 423 suam
1857 391 1980 424 redire⁵

1237 442 1405 485 compelle.
1430 443 1477 475 Ad
1498 453 1594 486 quam
1615 449 1730 486 sponte
1750 443 1857 487 potius
1872 444 1979 478 redire

1238 548 1352 581 metuit
1371 549 1524 592 separari.
1548 550 1612 582 Nec
1631 549 1727 583 unius
1743 550 1902 584 Ecclesiae
1916 551 1980 584 duo

1237 613 1305 635 esse
1318 602 1549 645 permittantur
1567 603 1735 644 antistites,
1757 604 1845 647 quod
1863 614 1982 648 oppor-

1239 655 1347 688 tunius
1357 656 1367 672 ⁷
1386 655 1564 699 supradicti
1584 656 1773 690 subdiaconi
1786 657 1797 674 Β
1809 657 1879 690 [ieri
1892 658 1979 691 dele-

1237 719 1350 751 gamus
1370 709 1531 750 instantia,
1556 721 1652 754 quem
1666 710 1762 743 etiam
1776 721 1835 754 pro
1848 721 1979 744 conser-

1237 763 1339 796 vanda
1358 763 1518 797 Ecclesiae
1536 763 1706 807 disciplina
1725 774 1909 798 commeare
1939 765 1980 798 ad

1236 815 1405 860 Hispanias
1432 816 1651 861 dispositionis
1675 823 1806 851 nostrae
1824 817 1899 851 fecit
1921 827 1979 852 au-

1236 870 1378 904 ctoritas.

1280 924 1362 957 Deus
1383 929 1489 958 autem
1514 923 1710 958 incolumem
1733 930 1763 958 te
1783 925 1942 959 custodiat
1953 926 1975 967 ⁹,

1236 977 1336 1011 frater
1359 977 1523 1011 carissime
1540 976 1574 1011 ¹⁰.

1269 1119 1286 1147 5
1305 1120 1346 1147 Ita
1365 1120 1426 1147 cod.
1450 1120 1507 1148 Vat.
1536 1121 1605 1148 1340
1632 1124 1658 1148 et
1681 1121 1771 1155 37913
1791 1126 1819 1149 at
1838 1122 1907 1158 plur.
1930 1131 1977 1150 re-

1235 1177 1343 1197 meare.

1270 1224 1287 1251 6
1301 1223 1331 1250 In
1348 1224 1407 1251 cod.
1424 1223 1481 1251 Vat.
1502 1224 1572 1252 1340
1583 1224 1659 1252 deest
1676 1232 1749 1258 non3
1770 1224 1879 1260 rectius,
1895 1228 1923 1252 ut
1939 1225 1978 1252 vi-

1235 1273 1324 1307 detur,
1345 1273 1408 1300 licet
1423 1274 1458 1301 al.
1479 1282 1543 1301 mss.
1564 1274 1634 1310 legg.
1649 1281 1707 1301 non
1721 1275 1835 1302 metuit.

1269 1324 1283 1351 7
1304 1323 1369 1351 Cod.
1386 1324 1446 1350 Vat.
1470 1324 1534 1351 1341
1553 1324 1630 1359 quod
1655 1332 1815 1359 possumus,
1836 1324 1976 1359 supradi-

1233 1373 1283 1401 cti.
1299 1373 1458 1408 Perperam.

1268 1427 1284 1454 8
1299 1425 1364 1453 Cod.
1378 1426 1430 1453 543
1449 1426 1575 1453 diaconi.

1267 1477 1283 1504 9
1298 1475 1369 1503 Plur.
1382 1476 1461 1503 codd.
1477 1476 1537 1503 Vat.
1554 1476 1655 1511 faciat.
1677 1475 1756 1503 Forte
1775 1484 1823 1512 pro
1842 1476 1937 1511 faciel.

1270 1525 1303 1553 10
1318 1525 1383 1553 Data
1402 1533 1465 1553 ann.
1486 1525 1537 1552 405
1552 1525 1626 1553 iuxta
1640 1525 1706 1552 Jass'e
1721 1533 1765 1562 op.
1783 1534 1806 1552 c.
1823 1533 1884 1561 pag.
1903 1525 1946 1552 49.

2013 235 2062 264 An.
2081 237 2109 265 C.
2125 238 2177 266 462

2040 459 2140 480 irenaeus
2157 461 2177 482 in

1994 484 2065 505 sedem
2080 492 2139 507 suam
2155 493 2177 508 a-

1238 495 1378 536 debehit,
1403 495 1429 528 si
1451 506 1469 528 a
1492 496 1684 529 sacerdotali
1710 497 1873 530 consortio
1892 498 2133 535 nonGnniudamius⁴
