2244 3183
499 201 562 233 iliu

467 259 549 292 lianc
569 271 698 304 quoque
720 261 868 294 iniuriam
892 263 989 296 sacris
1015 265 1206 298 removeatis

467 313 652 350 ordinibus:
681 314 735 347 sed
756 315 896 348 rationes
914 316 1073 350 Ecclesiae
1092 328 1203 351 secun-

468 366 543 398 dum
556 367 706 399 traditum
722 378 843 400 morem
858 369 1049 403 sacerdotali
1060 371 1205 405 examine

468 419 602 452 iuheatis
623 420 753 463 inquiri.

511 473 623 504 Datum
642 479 757 516 quarto
770 474 920 508 kalendas
938 476 1031 516 Iunii,
1052 477 1156 518 Actio,
1176 483 1207 511 et

467 524 578 557 Studio
598 525 672 558 viris
694 526 879 560 clarissimis
899 529 1094 563 consulibus.

503 576 560 604 hat.
578 578 620 605 dic
635 578 669 605 ⁶20
686 579 757 614 Maii,
774 588 818 606 an.
835 581 898 607 454.

269 206 317 233 An.
334 207 363 234 (Σ.
384 207 434 235 451

668 715 851 749 EPISTOLA
872 717 960 751 XCIV
977 717 994 750 ¹.

466 786 495 818 la*
511 786 616 819 millies
640 787 867 830 um'finmzz'lale
886 789 1054 822 exrordicns
1076 790 1204 823 Gallia-

508 845 580 867 rum
600 840 628 867 el
641 836 882 879 Hispaniarum
893 838 1047 881 episcopis
1060 839 1205 871 Pascha-

510 883 550 915 [is
567 883 649 916 diem
665 884 791 923 {inlex-it,
815 887 907 918 cuius
927 887 1206 919 controuersz‘acoe-

505 932 650 974 ponitur.

490 1009 531 1035 Ad
552 1010 707 1043 episcopos
728 1011 890 1038 Galliarum
910 991 940 1039 et
955 1012 1176 1046 Hispaniarum.

463 1071 673 1099 Dilectissimis
702 1072 846 1101 fratribus
876 1074 1026 1101 universis
1056 1075 1204 1109 episcopis

498 1117 656 1144 catholicis
672 1124 726 1150 per
741 1117 852 1145 Gallias
869 1121 900 1145 et
915 1118 1074 1152 Hispanias
1091 1119 1204 1146 consti-

497 1161 575 1187 tutis
598 1161 654 1188 Leo
675 1163 782 1189 Romae
803 1162 974 1197 episcopus.

506 1223 582 1256 Cum
602 1223 633 1256 in
647 1224 799 1257 omnihus
820 1224 1203 1271 divinorumpraecepto-

462 1286 533 1308 rum
574 1276 692 1319 regulis
730 1278 926 1321 exequendis
967 1280 1200 1313 sacerdotalem

461 1329 695 1363 observantiam
718 1337 866 1374 oporteat
896 1343 964 1365 esse
991 1334 1197 1375 concordem,

460 1382 599 1416 maxime
616 1384 710 1417 nohis
723 1384 734 1400 ²
745 1389 775 1418 et
794 1385 1016 1429 principaliter
1028 1386 1200 1430 p'roviden-

460 1436 537 1468 dum
564 1442 620 1477 est,
652 1447 692 1471 nc
717 1437 749 1470 in
776 1439 936 1481 paschalis
971 1440 1041 1473 sesti
1072 1440 1123 1473 die
1151 1441 1199 1474 vel

460 1488 653 1530 ignorantia,
687 1490 736 1523 vel
762 1492 1007 1535 praesumptioa
1029 1498 1197 1536 peccatum

459 1542 651 1575 diversitatis
672 1543 826 1577 incurrat.
858 1545 949 1578 Unde
975 1546 1052 1589 quia
1073 1551 1198 1590 tempus

457 1595 692 1629 sacratissimae
714 1597 926 1631 solemnitatis
952 1598 995 1631 ita
1026 1599 1198 1643 dispositos

458 1648 553 1681 hahet
573 1649 691 1682 limites
708 1660 793 1690 suos,
810 1657 846 1684 ut
857 1652 997 1685 salutare
1014 1662 1198 1686 sacramen-

459 1707 525 1735 tum
554 1713 640 1736 nune
671 1703 774 1744 citius,
798 1714 883 1737 nunc
904 1705 1025 1738 tardius
1050 1711 1198 1749 oporteat

457 1755 626 1795 celebrari,
654 1766 719 1789 non
748 1757 865 1790 desinit
891 1759 1087 1801 apostolicae
1107 1759 1197 1793 Sedis

455 1808 639 1842 sollicitudo
663 1810 860 1853 prospicere,
884 1814 924 1844 ne
942 1812 1068 1845 devotio
1089 1813 1193 1846 ecele-

455 1861 581 1894 siastica
601 1862 710 1906 aliquo
733 1864 878 1897 turbetur
894 1864 1028 1898 incerto.
1049 1865 1126 1899 Cum
1140 1877 1196 1899 au-

457 1920 519 1948 tem
545 1915 576 1947 in
603 1915 796 1959 quibusdam
830 1917 1103 1962 adscriptionihus
1140 1931 1194 1963 pa-

456 1975 536 2002 trum
552 1970 693 2003 futurum
708 1971 869 2014 proxime‘*
883 1972 1003 2006 Pascha
1012 1974 1139 2007 Domini
1154 1974 1193 2007 ab

319 1329 445 1349 I'iavseriim

260 1360 317 1374 rurs-t
336 1355 445 1375 l'asrhalis

260 1382 315 1400 :tuem
338 1382 444 1402 uinis->rmi-

260 1409 291 1427 tas
305 1409 445 1429 cstcnranila.

299 1646 327 1666 lli!
349 1647 388 1668 twc.
407 1647 441 1668 die

257 1675 361 1698 qun-suo.

490 2075 553 2101 tEx
569 2075 634 2103 edit.
651 2075 780 2103 Ballou—in.
803 2077 871 2111 Opp.
897 2079 927 2106 S.
953 2078 1054 2106 Leonis
1081 2082 1145 2106 tom.
1173 2088 1190 2113 1,

452 2120 503 2147 col.
523 2121 600 2147 1283.

485 2166 500 2191 2
520 2165 586 2192 «Al.
611 2166 642 2192 iel
665 2166 746 2193 nobis
764 2176 789 2192 ».
812 2166 932 2193 Caeciar.
955 2168 1025 2202 01³1).
1042 2168 1069 2195 S.
1091 2169 1191 2195 Leonis

451 2213 518 2245 part.
535 2216 561 2242 n,
580 2218 639 2245 pag.
661 2210 712 2237 40⁶2
732 2214 759 2236 et
782 2210 906 2237 Ballerin.
924 2211 940 2238 1.
963 2220 999 2244 c.‚
1020 2213 1066 2248 qui
1089 2212 1192 2240 addunt

449 2254 509 2281 cod.
527 2253 618 2280 Venet.
635 2253 726 2281 delere
746 2263 805 2290 seq.
822 2258 857 2282 et.

484 2297 499 2324 3
523 2308 534 2322 ι(
554 2298 619 2325 Cod.
645 2299 741 2326 Venct.
759 2300 988 2334 praesumpcione
1008 2311 1034 2328 ».
1064 2300 1188 2328 Ballerin.

450 2343 465 2368 1.
484 2351 507 2369 c.
527 2343 608 2369 llecte
628 2343 746 2378 quidem.

484 2388 499 2414 !1.
519 2399 530 2412 «
545 2388 611 2415 Tres
631 2389 710 2416 codd.
725 2389 816 2416 delent
835 2391 970 2424 prarime
986 2401 1012 2417 ».
1028 2391 1146 2418 Caeciar.
1163 2395 1190 2418 et

450 2432 574 2459 liallerin.
592 2433 620 2459 11.
633 2441 672 2459 cc.
683 2434 753 2460 Sane
769 2442 921 2469 perperam.

483 2477 499 2503 5
519 2477 618 2512 Nempe
637 2478 667 2503 17
682 2478 720 2504 rel
737 2477 770 2504 24
786 2478 869 2513 April.
885 2479 960 2506 Cacc.
978 2479 995 2506 l.
1012 2487 1034 2506 c.
1053 2479 1188 2507 kalendas

449 2516 542 2543 maias
553 2537 559 2549 ‚
575 2520 601 2543 et
618 2516 687 2543 infra
701 2517 758 2544 Ital.
774 2518 899 2545 casdem.

483 2562 499 2586 (i
518 2571 529 2585 «
550 2561 606 2587 Duo
623 2562 693 2588 Vatt.
715 2562 744 2588 in
761 2571 816 2596 quo
836 2572 858 2589 v.
876 2562 993 2590 Cacciar.
1009 2563 1027 2590 I.
1044 2571 1067 2590 c.

483 2606 496 2632 7
517 2616 528 2630 α
544 2605 607 2633 cod.
627 2606 683 2633 Vat.
695 2606 765 2633 1340
780 2608 839 2635 Dni
854 2618 879 2635 ιο.
902 2607 1018 2636 Caeciar.
1041 2609 1059 2635 I.
1077 2617 1099 2637 c.

993 216 1150 240 APPENDIX
1170 217 1320 242 BULLARII
1341 218 1462 242 nomm

1240 265 1310 298 aliis
1336 266 1369 299 in
1389 266 1474 299 diem
1502 277 1539 299 xv
1565 266 1777 298 kalendarum
1822 265 1980 298 maiarum

1239 319 1279 351 ah
1297 319 1366 352 aliis
1387 319 1418 351 in
1439 319 1524 352 diem
1538 325 1685 352 octavum
1699 319 1910 352 kalendarum
1929 328 1980 352 ea-

1241 373 1389 405 rumdem
1399 373 1409 388 ⁵
1422 373 1619 405 inveniretur
1629 372 1836 416 adscriptum:
1854 377 1977 405 tantum

1241 436 1292 459 me
1316 426 1484 459 diversitas
1509 425 1568 458 ista
1589 425 1760 468 permovit,
1788 431 1822 458 ut
1840 426 1979 458 clemen-

1240 480 1361 512 tissimo
1382 479 1521 523 Principi
1541 480 1701 512 Marciano
1725 490 1835 513 curam
1856 479 1896 512 de
1920 479 1979 512 hac

1240 543 1273 565 re
1291 532 1389 565 animi
1409 532 1470 565 mei
1490 532 1679 576 panderem,
1707 537 1742 565 ut
1761 531 1979 576 praecipiente

1239 585 1308 628 ipso
1341 585 1379 617 ab
1402 585 1461 625 his,
1486 585 1541 629 qui
1562 585 1683 619 habent
1709 585 1804 619 huius
1824 590 1979 629 supputa-

1240 638 1335 671 tionis
1363 638 1523 681 peritiam,
1547 639 1734 681 diligentius
1751 638 1816 671 illie
1837 638 1979 672 discussa

1241 690 1384 731 ratione,
1416 696 1648 734 quaereretur,
1676 692 1763 735 quoG
1787 691 1838 724 die
1872 696 1979 734 posset

1240 744 1421 777 veneranda
1452 744 1637 778 solemnitas
1666 744 1783 778 rectius
1808 744 1974 778 celebrari.

1239 797 1307 836 Quo
1326 797 1535 839 rescribente,
1559 803 1670 831 octavo
1705 798 1858 831 kalendas
1878 797 1978 832 maias

1239 850 1390 884 definitus
1405 857 1459 894 ⁴est
1481 852 1558 885 dies.
1582 851 1661 891 Quia
1681 862 1757 894 ergo
1782 851 1888 885 studio
1908 851 1978 884 uni-

1240 904 1311 936 tatis
1331 910 1361 937 et
1381 904 1467 948 pacis
1489 905 1586 938 malui
1617 904 1826 939 Orientalium
1862 904 1977 938 defini-

1239 956 1316 989 tioni
1338 958 1553 1001 acquiescere,
1577 969 1673 1001 quam
1699 958 1731 991 in
1758 963 1864 991 tantae
1884 958 1974 991 sesti-

1238 1010 1342 1044 vitatis
1363 1011 1564 1044 observantia
1581 1012 1752 1052 dissidere;
1772 1011 1899 1044 noverit
1915 1011 1977 1044 sra-

1238 1064 1369 1097 ternitas
1383 1070 1496 1105 vestra,
1514 1065 1565 1098 die
1578 1070 1690 1098 octavo
1711 1065 1863 1098 kalendas
1876 1064 1977 1098 maias

1236 1117 1276 1150 ab
1297 1118 1447 1151 omnihus
1467 1119 1738 1152 resurrectionem
1760 1118 1977 1152 dominicam⁷

1236 1171 1474 1212 celebrandam,
1498 1177 1528 1205 et
1552 1172 1614 1205 hoe
1633 1171 1738 1215 ipsum
1758 1181 1816 1216 per
1834 1181 1889 1205 vos
1906 1171 1976 1205 aliis

1236 1234 1304 1257 esse
1334 1224 1484 1258 fratribus
1515 1225 1746 1265 intimandum,
1783 1230 1818 1258 ut
1850 1224 1976 1258 divinae

1234 1277 1321 1320 pacis
1333 1278 1507 1318 consortio,
1530 1278 1611 1311 sicut
1635 1288 1699 1311 una
1716 1278 1779 1311 fide
1796 1277 1972 1321 iungimur,

1234 1331 1277 1364 ita
1290 1342 1354 1365 una
1367 1332 1571 1366 solemnitate
1585 1332 1842 1376 seriommffleus
1856 1342 1909 1365 vos
1927 1331 1974 1364 in—

1234 1386 1378 1419 columes
1395 1386 1567 1427 custodiat,
1591 1387 1704 1420 fratres
1724 1386 1880 1420 carissimi
1892 1386 1912 1419 ³.

1276 1439 1344 1472 Dat.
1368 1445 1440 1483 post
1460 1440 1661 1473 consulatum
1675 1439 1842 1483 Opilionis,
1858 1439 1972 1483 quinto

1232 1492 1384 1526 kalendas
1408 1494 1575 1535 Augustas.

1266 1550 1328 1576 Dat.
1349 1549 1392 1576 die
1406 1549 1525 1581 281uiii,
1541 1558 1586 1576 an.
1608 1550 1668 1576 454.

1276 1598 1516 1632 Valentinian0⁰
1529 1599 1593 1632 VIII
1606 1598 1638 1639 ¹⁰,
1659 1604 1689 1631 et
1710 1599 1881 1632 Anthemio
1895 1609 1970 1632 con-

1231 1651 1398 1694 sulihus⁴¹‚
1421 1652 1541 1685 Pascha
1555 1663 1612 1685 vni
1637 1652 1790 1685 kalendas
1812 1652 1921 1685 maias.

1427 1783 1612 1818 EPISTOLA
1637 1784 1714 1817 XCV
1726 1783 1757 1817 ¹².

1231 1864 1382 1897 Gaudens
1402 1865 1591 1897 Iuvenalem
1610 1864 1678 1897 sedat
1697 1875 1775 1897 suae
1793 1865 1894 1908 fnisse
1917 1876 1967 1898 rc-

1271 1917 1434 1958 stimuum,
1451 1918 1487 1950 in
1497 1918 1565 1950 eius
1580 1918 1707 1961 lapsum
1721 1918 1965 1959 adversitatum,

1271 1971 1390 2013 (litibus
1416 1971 1481 2014 fuit
1511 1972 1679 2014 perculsus
1691 1999 1699 2013 ,
1729 1982 1861 2004 causam
1891 1972 1968 2005 reii-

1262 2078 1277 2104 8
1295 2088 1306 2103 «
1327 2077 1456 2106 Salutatio
1476 2078 1543 2105 haec
1568 2082 1596 2105 et
1621 2078 1712 2106 addita
1731 2082 1794 2106 nota
1818 2080 1967 2107 consularis

1226 2121 1323 2148 desunt
1344 2121 1371 2148 in
1394 2126 1446 2149 vet.
1471 2122 1547 2155 edit.;
1571 2123 1696 2158 leguntur
1715 2126 1804 2151 tamen
1833 2124 1860 2150 in
1885 2124 1964 2152 codd.

1227 2166 1309 2193 Vatic.
1326 2176 1352 2193 ».
1370 2167 1488 2194 Cacciar.
1505 2167 1522 2195 l.
1540 2176 1563 2194 c.

1259 2210 1275 2236 9
1292 2210 1362 2237 Ilaec
1383 2211 1641 2239 Paschatisindictio
1662 2212 1758 2240 Leonis
1777 2220 1830 2240 non
1850 2216 1901 2247 est,
1918 2221 1964 2240 ne-

1224 2264 1276 2291 que
1295 2264 1353 2282 csse
1369 2256 1464 2291 potuit,
1481 2265 1563 2292 quum
1575 2266 1599 2283 v.
1612 2257 1665 2283 kal.
1682 2259 1814 2292 Augustas
1829 2258 1891 2284 anni
1903 2258 1964 2290 453,

1224 2308 1276 2336 quo
1296 2300 1373 2336 epist.
1399 2301 1518 2336 scripsit,
1541 2301 1625 2328 futuri
1649 2301 1710 2328 anni
1735 2302 1870 2335 consules,
1887 2310 1965 2336 prae-

1222 2347 1315 2374 sertim
1330 2346 1498 2379 orientalem,
1515 2346 1582 2373 scire
1607 2346 1768 2381 nequiverit.
1786 2346 1816 2373 V.
1837 2346 1962 2373 Ballerin.

1222 2391 1272 2419 col.
1295 2392 1372 2418 1284.

1258 2437 1291 2463 10
1305 2436 1424 2464 Cacciar.
1447 2445 1506 2472 pag.
1527 2436 1578 2464 403
1602 2436 1803 2464 Valemim'ano
1818 2436 1874 2463 III.

1258 2481 1285 2506 11
1313 2491 1325 2504 a
1341 2480 1360 2507 E
1384 2481 1467 2507 Vatic.
1490 2481 1558 2508 1340
1573 2480 1651 2508 abest
1667 2489 1716 2508 vox
1734 2481 1912 2515 Consulibus,
1937 2485 1964 2509 et

1221 2524 1290 2552 infra
1309 2525 1403 2552 inuias
1420 2539 1443 2552 ι.
1460 2525 1578 2553 Caeciar.
1596 2526 1613 2552 I.
1630 2534 1653 2552 c.

1259 2569 1289 2595 12
1305 2569 1341 2595 Ex
1357 2570 1422 2597 edit.
1446 2570 1569 2598 Ballerin.
1597 2570 1666 2605 Opp.
1688 2570 1718 2598 S.
1737 2570 1836 2598 Leonis
1859 2574 1922 2599 tom.
1940 2580 1961 2606 i,

1220 2609 1271 2636 cel.
1290 2610 1366 2637 1285.

2014 214 2065 240 An.
2082 213 2111 241 C.
2127 213 2176 242 ⁴5⁴2

2033 471 2063 492 ,td
2079 472 2131 493 hanc
2146 473 2177 494 di·
2200 470 2211 497 ἶ

1994 498 2092 518 luendam
2105 499 2155 524 quid
2164 506 2177 521 a
2195 502 2227 526 .J„

1994 524 2065 545 Leone
2080 527 2157 546 actum.
2197 530 2219 563 ⁴5:

2200 578 2226 611 ὀς

2202 666 2224 708 ···,··.
2211 652 2213 654 -
2204 618 2222 637 :12
2207 559 2216 569 =

2196 717 2232 879 0:53-:3‘3'

2052 892 2175 915 vasatiaiem

1993 918 2050 940 diem
2065 919 2145 940 indicit.

2196 914 2229 1443 flfivffssww*rff<fflss⁴ffl
