2244 3183
298 256 347 284 An.
363 256 393 285 C.
412 256 464 284 449

527 246 568 280 50

1019 259 1178 283 APPENDIX
1197 258 1347 285 BULLARII
1367 260 1489 285 ROMANI

495 313 626 351 propter
648 305 832 340 Flavianum
861 306 893 339 in
922 306 1079 350 Ephesina
1111 307 1236 342 civitate
1271 319 1336 342 ram
1362 299 1457 343 unius
1469 309 1598 343 Deitatis
1618 308 1822 352 inseparabili
1838 309 2002 351 Trinitate,

496 359 566 393 fieri
590 359 814 404 praecepistis,
841 365 870 394 et
896 359 954 404 ipsi
983 359 1055 394 fidei
1082 360 1238 404 probatur

496 412 606 446 obesse
624 440 632 454 ,
675 417 704 445 et
739 423 849 447 omues
872 413 1028 446 Ecclesias
1052 414 1236 450 vulnerare:

627 491 633 497 .
667 466 705 498 Et
721 467 798 499 haec
823 477 839 499 a
864 466 955 499 nobis
982 472 1144 510 comperta
1164 473 1237 500 sunt

496 529 561 551 non
587 518 709 552 incerto
734 520 867 560 nuntio,
894 519 949 552 sed
976 520 1014 553 ab
1040 519 1116 564 ipsis
1140 530 1236 554 reve—

497 572 696 606 rendissimis
720 573 890 617 episcopis,
915 573 969 617 qui
996 584 1012 605 a
1030 573 1122 607 nobis
1147 573 1233 606 missi

497 631 584 666 sunt,
610 631 641 659 et
665 626 851 659 fidelissimo
875 637 1000 668 rerum,
1028 638 1108 670 quae
1133 632 1234 669 gestae

497 686 586 720 sunt,
616 686 781 714 narratore
807 681 914 714 Hilaro
951 682 1085 715 diacono
1110 686 1230 714 nostro.

496 733 583 767 Ilaec
595 739 700 767 autem
715 733 787 767 ideo
802 735 894 778 culpa
911 730 1075 778 processit,
1093 745 1129 767 eo
1149 733 1234 778 quod

496 797 560 820 non
591 798 672 831 pura
703 788 896 821 conscientia
928 794 957 822 et
989 794 1077 821 recto
1114 788 1234 821 iudicio

496 841 674 874 secundum
700 841 963 875 consuetudinem
988 842 1030 882 lii,
1059 841 1112 884 qui
1133 841 1231 874 colle-

496 892 537 927 cti
562 900 647 936 sunt,
675 894 713 928 de
742 895 804 928 fide
830 901 857 928 et
884 895 1093 928 errantibus¹
1119 899 1231 938 protu-

497 945 613 980 lerunt.
637 947 673 979 ln
690 946 758 991 ipso
773 952 877 980 autem
896 947 1015 981 iudicio
1029 958 1092 981 non
1109 957 1230 988 omnes,

495 999 550 1043 qui
569 1007 792 1043 convenerant,
815 1001 993 1034 interfuisse
1015 1001 1230 1044 cognovimus.

495 1052 573 1086 Nam
598 1054 677 1086 alios
701 1054 850 1094 reiectos,
882 1054 959 1087 alios
985 1053 1151 1087 didicimus
1180 1052 1230 1085 in-

495 1108 671 1149 tromissos,
699 1109 753 1152 qui
777 1119 834 1152 pro
859 1107 1034 1153 supradicti
1059 1106 1233 1141 sacerdotis

496 1161 630 1194 arbitrio
655 1161 1066 1209 impi&subscriptionibus
1095 1161 1233 1204 captivas

496 1224 609 1247 manus
634 1214 827 1256 dederent²,
865 1221 896 1249 et
930 1215 1113 1249 nociturum
1138 1215 1232 1249 statui

495 1277 555 1300 suo
579 1266 707 1309 scirent,
734 1268 794 1301 nisi
819 1268 971 1311 imperata
995 1268 1153 1309 fecissent,
1180 1274 1230 1301 ta-

496 1321 620 1364 lemque
634 1320 673 1353 ab
690 1320 759 1364 ipso
772 1322 927 1365 prolatam
945 1332 1013 1354 esse
1030 1321 1231 1362 sententiam,

495 1378 530 1407 ut
553 1373 585 1406 in
610 1385 722 1407 omnes
747 1385 804 1419 per
828 1385 897 1407 eam
923 1374 1097 1408 saeviretur
1121 1375 1230 1408 Eccle-

495 1426 567 1460 sias.
595 1427 684 1466 Quod
702 1428 801 1461 nostri
826 1428 865 1460 al]
890 1428 1073 1471 Apostolica
1090 1428 1169 1461 Sede
1187 1428 1231 1461 di-

495 1480 593 1521 recti,
619 1480 698 1515 adeo
733 1482 869 1525 impium
894 1486 924 1514 ct
955 1482 1130 1516 catholicae
1159 1481 1233 1515 fidei

495 1535 691 1568 contrarium
727 1535 887 1577 videntes,
925 1536 1016 1569 nobis
1056 1535 1234 1579 significare

495 1594 683 1623 noscuntur.

539 1641 612 1676 civ.
640 1643 678 1676 Il.
697 1642 807 1683 Unde,
834 1643 1092 1686 tranquillissime
1109 1643 1234 1688 princi-

495 1706 595 1739 pum,
624 1701 803 1738 removete,
841 1707 1059 1740 quaesumus,
1087 1707 1102 1729 a
1130 1703 1232 1731 vestra

494 1748 619 1792 pietatis
642 1749 836 1783 conscientia
871 1750 1047 1793 periculum
1072 1749 1233 1793 religionis

495 1806 525 1834 et
549 1800 642 1841 fidei,
679 1808 713 1835 ut
742 1801 855 1836 Christi
881 1803 1051 1846 Evangelio
1076 1803 1138 1835 vim
1168 1814 1231 1835 non

495 1853 609 1887 inserat
633 1854 772 1888 humana
793 1857 1022 1901 praesumptio.
1048 1856 1128 1890 Ecce
1152 1867 1230 1900 ego,

495 1907 756 1942 christianissime
778 1915 808 1942 et
832 1910 1021 1943 venerabilis
1044 1909 1229 1954 imperatory

495 1971 567 1994 cum
588 1962 868 1996 consacerdotibus
898 1963 976 1996 meis
1002 1963 1136 2007 implens
1157 1974 1230 2006 erga

495 2015 701 2049 reverentiam
720 2016 906 2049 clementiae
927 2022 1045 2050 vostrae
1069 2017 1182 2050 sinceri
1200 2028 1231 2050 a·

494 2069 591 2102 moris
604 2068 758 2110 officium,
771 2070 967 2114 cupiensque
986 2081 1038 2104 vos
1056 2082 1112 2113 per
1126 2071 1229 2104 omnia

493 2123 618 2166 placere
642 2123 724 2164 Deo,
759 2123 809 2156 cui
831 2134 889 2167 pro
914 2124 1002 2158 vobis
1027 2123 1066 2157 al)
1091 2125 1231 2158 Ecclesia

493 2176 702 2220 supplicatur,
722 2187 761 2210 ne
779 2183 852 2210 ante
877 2177 1014 2210 tribunal
1032 2178 1156 2211 Domini
1186 2179 1230 2212 rei

494 2230 532 2264 de
552 2229 678 2263 silentio
697 2229 707 2246 ³
723 2230 921 2271 iudicemur,
948 2230 1153 2265 obsecramus
1171 2242 1226 2265 co-

529 2345 540 2371 1
559 2343 676 2372 Caeciar.
697 2344 767 2379 Opp.
784 2345 814 2372 S.
836 2345 940 2372 Leonis
960 2349 1028 2380 part.
1045 2352 1080 2378 11,
1100 2354 1162 2381 pag.
1181 2346 1230 2372 175

492 2385 662 2412 sententiam
673 2385 832 2419 protulere;
849 2385 891 2411 cui
906 2393 995 2420 graec.
1008 2386 1119 2420 interpr.
1134 2385 1230 2413 adhae-

493 2426 536 2450 ret
550 2432 598 2459 per
613 2432 691 2451 voces
705 2434 746 2451 την
761 2435 872 2459 αποφασιν
887 2435 1020 2459 upon-rimo
1041 2436 1053 2450 «
1068 2425 1146 2456 Quid.
1163 2426 1228 2452 edit.

492 2464 651 2497 erratibus3
677 2464 817 2491 Labbaeus
837 2467 862 2492 el
877 2466 984 2493 erratis
999 2466 1024 2492 in
1041 2469 1117 2499 text„
1129 2465 1176 2492 sed
1196 2465 1228 2492 ad

492 2503 609 2538 margin.
630 2507 654 2532 et
676 2505 859 2533 certantibus.
880 2505 1027 2532 Grimanic.
1053 2509 1142 2532 autem
1168 2505 1228 2532 cod.

493 2543 527 2570 de
553 2545 609 2579 fide
636 2545 800 2574 errantibus
815 2556 840 2573 n.
866 2545 969 2572 Contin.
993 2546 1132 2573 Constant.
1155 2546 1172 2572 1.
1204 2554 1227 2573 c.

491 2583 592 2612 Verum
607 2593 699 2620 graec.
720 2588 784 2613 text.
802 2595 858 2615 τους
877 2588 1023 2614 ‹summm-«3
1037 2596 1064 2614 τι]
1081 2596 1169 2620 moret,
1192 2597 1229 2610 και

492 2634 540 2654 τοις
560 2628 738 2657 malampnum-01⁵
761 2626 851 2661 potius
872 2626 1017 2654 lectionem
1043 2630 1161 2654 nostram
1190 2626 1230 2653 xi-

492 2665 572 2694 detur
590 2667 761 2694 confirmare.

1270 373 1351 405 quae
1377 363 1430 396 tali
1453 362 1535 396 sacto
1558 361 1707 401 laeditur,
1735 373 1808 395 eum
1825 362 1893 407 ipsa
1910 362 2004 397 vestri

1270 415 1309 447 sit
1335 421 1441 448 custos
1466 422 1496 449 et
1521 421 1633 449 auctor
1658 415 1805 458 imperii,
1840 420 1869 448 et
1899 426 2005 449 coram

1270 469 1387 501 sanctis
1412 469 1533 511 angelis
1559 467 1691 508 Christi,
1719 474 1754 501 ut
1778 469 1886 501 onnia
1909 468 1942 502 in
1967 479 2005 502 eo

1270 526 1350 553 statu
1378 531 1445 554 csse
1470 521 1618 561 iubeatis,
1645 521 1677 553 in
1695 531 1758 564 quo
1784 521 1912 554 suerunt
1934 528 2005 555 ante

1269 585 1363 607 omne
1402 574 1579 615 iudicium,
1614 574 1713 608 donec
1753 575 1855 608 maior
1878 586 1914 608 ex
1939 580 2005 608 toto

1270 627 1345 660 orbe
1369 629 1571 662 sacerdotum
1598 638 1750 661 numerus
1775 633 2003 672 congregetur,

1270 691 1325 714 nce
1346 682 1450 715 alieno
1468 686 1598 725 peccato
1615 681 1780 725 patiamini
1795 691 1848 714 vos
1868 681 2003 725 gravari:

1270 735 1359 777 quia,
1386 734 1471 777 quod
1496 745 1625 768 necesse
1650 741 1696 768 cst
1719 744 1777 767 nos
1802 734 1921 774 dicere,
1947 744 2002 768 ve-

1270 797 1376 819 remur
1400 798 1438 820 ne
1464 788 1554 821 cuius
1579 787 1693 831 religio
1718 787 1903 831 dissipatur,
1924 786 2007 820 indi-

1269 840 1374 882 gnatio
1410 847 1610 884 provocetur.
1646 841 1723 874 Prae
1748 840 1848 874 oculis
1871 840 2003 880 habete,

1268 899 1298 925 et
1323 899 1385 926 tota
1421 894 1534 927 mentis
1566 894 1632 926 acie
1664 900 1844 928 reverenter
1876 892 2006 936 aspicite

1268 945 1350 979 beati
1376 947 1460 980 Petri
1486 947 1620 990 gloriam
1645 954 1675 980 et
1707 957 1894 981 communes
1932 957 2005 980 cuin

1268 999 1336 1043 ipso
1360 1001 1506 1033 omnium
1531 1002 1749 1044 apostolorum
1772 1010 1906 1033 coronas
1920 1009 2002 1033 cun-

1268 1057 1455 1096 ctorumque
1473 1060 1645 1098 mart3rurn
1657 1054 1788 1098 palmas,
1816 1053 1932 1097 quibus
1945 1053 2005 1086 alia

1267 1116 1329 1140 non
1354 1107 1413 1140 fuit
1438 1117 1550 1140 caussa
1574 1108 1739 1151 patiendi.
1765 1107 1823 1140 nisi
1848 1106 2004 1140 consessio

1267 1171 1358 1193 verae
1383 1160 1555 1194 divinitatis
1591 1166 1621 1194 et
1656 1170 1745 1194 verae
1762 1160 1771 1176 ⁴
1795 1159 2004 1193 humanitatis

1267 1214 1299 1246 in
1314 1213 1452 1247 Christo.

1311 1266 1385 1300 CAP.
1408 1267 1459 1300 ΙΙΙ.
1481 1267 1536 1301 Cui
1560 1273 1779 1308 sacramento,
1806 1266 1881 1311 quia
1908 1265 2004 1310 impie

1267 1330 1354 1353 nunc
1378 1331 1395 1353 a
1419 1320 1530 1364 paucis
1554 1320 1813 1364 imprudentibus
1837 1319 2002 1360 obviatur,

1267 1384 1376 1407 omnes
1411 1373 1551 1417 partium
1597 1379 1780 1406 nostrarum
1805 1371 2003 1413 Ecclesiae,

1267 1437 1377 1460 omnes
1406 1426 1643 1459 mansuetudini
1663 1432 1785 1460 vestrae
1810 1437 1882 1459 cum
1909 1426 2007 1470 gemi-

1267 1481 1349 1513 tibus
1375 1486 1405 1513 et
1429 1480 1580 1524 lacrymis
1603 1480 1785 1523 supplicant
1809 1479 2002 1520 sacerdotes,

1267 1540 1301 1567 ut
1326 1534 1400 1578 quia
1420 1541 1451 1567 et
1470 1534 1571 1567 nostri
1597 1533 1735 1566 fideliter
1766 1533 2003 1572 reclamarunt,

1268 1594 1298 1621 et
1314 1588 1433 1622 eisdem
1457 1586 1601 1621 libellum
1626 1587 1848 1631 appellationis
1877 1587 2005 1620 Flavia-

1267 1654 1326 1677 nus
1350 1643 1518 1687 episcopus
1536 1643 1634 1684 dedit,
1654 1644 1831 1686 generalem
1846 1641 2003 1687 synodum

1267 1695 1401 1729 iubeatis
1430 1696 1511 1729 intra
1548 1696 1668 1729 Italiam
1708 1694 1884 1734 celebrari,
1922 1704 2004 1738 quae

1267 1760 1377 1782 omncs
1408 1749 1599 1782 offensiones
1635 1749 1676 1781 ita
1708 1755 1762 1782 aut
1786 1748 1919 1792 repellat
1950 1753 2004 1781 aut

1267 1803 1408 1845 mitiget,
1436 1814 1474 1835 ne
1500 1803 1580 1836 ultra
1601 1802 1720 1845 aliquid
1746 1802 1785 1836 sit
1799 1802 1809 1818 ⁵
1826 1803 1872 1835 vel
1890 1802 1923 1834 in
1940 1801 2003 1834 fide

1266 1856 1398 1889 dubium
1424 1856 1470 1889 vel
1497 1855 1529 1888 in
1555 1855 1684 1888 caritate
1709 1854 1865 1895 divisum;
1892 1864 2004 1887 conve-

1266 1909 1425 1942 nientibus
1449 1908 1559 1952 utique
1586 1908 1786 1941 orientalium
1818 1907 2000 1951 provincia-

1266 1973 1334 1995 rum
1361 1962 1532 2005 episcopis,
1567 1972 1705 2005 quorum
1727 1962 1751 1995 si
1791 1961 1844 2004 qui
1863 1958 2003 2004 superati

1267 2016 1358 2049 minis
1385 2022 1479 2059 atque
1509 2015 1633 2048 iniuriis
1663 2027 1681 2048 a
1711 2014 1847 2049 veritatis
1878 2012 2004 2047 tramite

1265 2069 1441 2110 deviarunt,
1469 2068 1661 2102 salutaribus
1686 2067 1835 2101 remediis
1857 2067 1889 2100 in
1913 2066 1999 2100 inte-

1264 2135 1357 2167 grum
1383 2129 1587 2157 revocentur:
1619 2122 1763 2167 ipsique,
1795 2131 1932 2165 quorum
1957 2125 2004 2154 est

1264 2189 1374 2211 caussa
1410 2177 1543 2218 durior,
1583 2176 1607 2209 si
1641 2175 1781 2209 consiliis
1817 2173 2004 2208 melioribus

1264 2231 1490 2275 acquiescant,
1526 2230 1587 2263 ut⁰
1615 2229 1654 2262 al)
1686 2228 1844 2263 Ecclesiae
1883 2226 2003 2261 unitate

1298 2348 1314 2375 2
1335 2347 1375 2374 ΑΙ.
1397 2347 1544 2374 dederunt.
1566 2346 1627 2374 lllss.
1652 2345 1767 2381 (advert.
1789 2343 1893 2372 Contin.
1911 2343 2002 2371 Const.

1263 2392 1281 2418 1.
1297 2391 1334 2425 c.)
1349 2391 1491 2423 dedet-enm
1506 2394 1533 2417 at
1548 2390 1613 2417 edit.
1631 2390 1778 2418 dederant.

1298 2441 1315 2467 3
1344 2440 1384 2466 ΑΙ.
1410 2440 1442 2467 de
1471 2440 1597 2466 consilio.
1623 2439 1675 2466 Sed
1699 2442 1773 2466 recte
1799 2437 1893 2465 Carafa
1916 2436 2000 2472 Epist.

1265 2485 1341 2512 [lom.
1358 2484 1455 2511 Pontis.
1473 2484 1505 2511 ad
1522 2493 1606 2520 marg.
1623 2484 1721 2518 corrig.
1737 2483 1770 2511 de
1783 2483 1909 2510 silentio.

1297 2534 1314 2560 4
1333 2533 1438 2560 Contin.
1455 2533 1546 2560 const.
1565 2533 1583 2560 l.
1601 2542 1624 2560 c.
1642 2532 1716 2560 delet.
1733 2539 1827 2560 verae.

1297 2578 1314 2604 5
1329 2577 1367 2605 lta
1386 2581 1413 2604 et
1435 2577 1470 2604 al.
1494 2577 1598 2605 Contin.
1626 2576 1715 2604 Const.
1740 2575 1807 2603 ibid.
1831 2583 1867 2603 ne
1891 2575 2004 2610 aliquid

1264 2623 1343 2650 ultra
1364 2622 1412 2650 sit.

1297 2666 1313 2694 G
1327 2666 1431 2694 Contin.
1447 2666 1537 2695 Const.
1558 2667 1597 2694 ib.
1612 2669 1685 2694 recte
1700 2665 1771 2693 delet
1791 2668 1833 2694 ul.

2041 260 2091 289 An.
2109 260 2138 289 C.
2153 261 2204 289 ⁴49
