2244 3183
236 236 285 263 Au.
306 236 332 265 C.
350 236 401 264 483

258 1359 368 1389 Ecclesiae
376 1360 421 1381 uni—

236 1388 269 1406 tas
285 1389 365 1412 integro
378 1393 421 1407 ser·

236 1414 313 1434 sanila.

291 1731 353 1752 Fides
369 1731 423 1752 euim

237 1764 279 1778 una
295 1761 333 1779 est.

465 227 529 261 0238

434 285 592 318 catholica
617 285 691 325 tide,
720 295 778 328 pro
799 284 1069 318 occidentalium¹
1093 290 1178 317 tran-

435 338 592 382 quillitate
601 338 999 382 responsum,praesertim
1008 349 1080 371 cum
1091 344 1177 371 tuam

435 391 676 431 conscientiam,
694 392 925 433 gloriosissime
936 392 1097 436 princeps,
1112 402 1178 425 me-

436 445 562 478 tuendis
587 445 795 478 adstrinxerit
815 445 869 478 illa
889 445 1110 486 sacramentis,
1138 456 1177 479 ne

435 498 545 531 sedes⁹
559 498 643 532 beati
665 498 878 541 evangelistae
894 499 989 532 Marci
1002 510 1019 531 a
1033 499 1179 532 doctrina

437 551 580 594 magistri
592 552 653 591 sui,
668 552 716 585 vel
726 551 956 585 communione
977 552 1179 596 permitteres

435 605 590 649 separari.
617 605 679 638 Sed
704 605 857 648 quoniam
880 605 1017 649 praefati
1037 606 1180 639 decesso-

436 659 479 691 ris
504 658 568 692 mei
592 658 755 699 studium,
789 659 885 701 longa
912 659 1179 693 incommoditate

437 712 584 753 faciente,
601 712 680 745 haec
698 712 809 745 eadem
825 712 970 745 crebrius
981 712 1099 745 iterare
1113 723 1178 746 non

436 766 559 809 potuit,
586 776 645 810 per
669 777 760 800 meae
791 777 877 800 nune
897 766 1088 800 humilitatis
1108 766 1179 799 offi-

437 819 523 852 cium
553 820 722 853 sollicitius
753 826 900 864 repetere
930 830 997 853 non
1028 820 1175 863 quiescit.

437 874 559 906 Rursus
588 884 665 916 ergo
701 874 839 918 apostoli
872 874 958 908 Petri
997 874 1180 907 veneranda

438 926 595 960 confessio
617 933 762 961 materne
779 927 874 961 instat
895 927 1025 960 vocibus
1051 933 1081 960 et
1104 938 1178 960 suo-

437 990 509 1012 rum
534 980 708 1024 praecipue
737 981 878 1014 filiorum
899 981 1094 1024 compellare
1114 992 1178 1015 non

437 1033 587 1066 desinens
612 1033 842 1067 confidentiam
857 1040 930 1068 tuae
944 1034 1070 1078 pietatis
1083 1035 1104 1075 ³,
1126 1045 1178 1067 ex-

436 1088 571 1121 clamat:
606 1088 784 1121 Christiane
812 1088 973 1132 princeps,
1004 1099 1062 1121 cur
1082 1099 1133 1121 me
1161 1099 1179 1121 a

436 1140 598 1173 curriculo
613 1141 788 1181 charitatis,
813 1151 877 1184 quo
890 1141 1031 1174 Ecclesia
1052 1141 1179 1174 univer—

435 1194 510 1227 salis
524 1194 724 1236 astringitur,
745 1194 905 1238 permittis
925 1194 1048 1227 incidi‘?
1068 1196 1130 1228 Cur
1147 1195 1179 1227 in

436 1258 487 1281 me
508 1247 631 1291 rumpis
656 1248 754 1281 totius
774 1248 860 1281 orbis
881 1250 1068 1281 assensum&J

480 1300 510 1333 τὶ.
539 1301 663 1340 Quaeso
683 1308 722 1341 te,
746 1301 791 1333 tili
812 1301 966 1345 piissime,
990 1312 1030 1334 ne
1051 1301 1181 1335 tunica⁴

435 1355 563 1388 Domini
578 1355 716 1399 desuper
736 1361 882 1388 contexta
900 1365 958 1398 per
978 1360 1094 1395 totum,
1118 1365 1182 1398 qua

437 1408 468 1442 in
490 1420 591 1442 unum
613 1419 748 1452 corpus,
775 1409 891 1441 Sancto
916 1408 1038 1451 Spiritu
1061 1408 1183 1452 ubique

436 1467 580 1504 regente,
604 1462 803 1495 individuam
836 1462 904 1494 fore
924 1461 1040 1495 Christi
1059 1462 1182 1503 figura-

435 1516 479 1549 vit
499 1516 686 1556 Ecclesiam,
703 1517 769 1549 ulla
789 1516 921 1560 patiaris
941 1521 1027 1549 sorte
1051 1513 1179 1555 violari3

436 1580 527 1611 neve,
548 1570 638 1603 cuius
659 1570 742 1602 iuter
759 1570 856 1613 ipsos,
881 1569 936 1613 qui
954 1569 1184 1602 crucifixerunt

437 1624 647 1663 Salvatorem,
676 1623 794 1656 mansit
817 1623 1000 1665 integritas,
1041 1622 1101 1655 tuis
1131 1622 1179 1655 vi-

439 1677 553 1710 deatur
585 1676 786 1720 temporibus
818 1686 885 1709 esse
910 1676 1011 1709 divisa
1026 1676 1046 1708 ⁵.
1070 1676 1183 1709 Nonne

440 1741 511 1763 mea
536 1730 615 1763 fides
634 1735 691 1771 est,
715 1740 812 1773 quam
837 1730 939 1763 solam
961 1740 1030 1763 esse
1047 1740 1145 1762 unam
1158 1729 1179 1769 ⁸,

439 1790 469 1816 et
482 1784 571 1816 nulla
588 1783 779 1816 adversitate
792 1783 1008 1827 superandam
1029 1783 1184 1816 Dominus

438 1838 506 1881 ipse
532 1837 740 1878 monstravit,
775 1837 830 1881 qui
858 1837 1019 1870 Ecclesiae
1047 1847 1122 1870 suae
1151 1837 1183 1870 in

438 1902 509 1924 mea
533 1891 736 1924 confessione
762 1891 915 1924 fundatae
948 1896 1058 1934 portas
1089 1890 1183 1924 inferi

438 1954 604 1988 nunquam
640 1944 871 1987 praevalituras
907 1954 975 1977 esse
1010 1944 1183 1987 promisit?

437 1998 523 2030 llaec
547 2003 576 2030 te
606 2002 753 2030 renatum
779 1997 819 2029 ad
840 1997 962 2039 regiam
983 1997 1112 2030 sustulit
1137 1997 1184 2030 di-

439 2051 605 2093 gnitatem,
629 2057 725 2095 atque
746 2050 784 2083 ab
806 2050 874 2084 eius
902 2050 1183 2094 impugnatoribus

478 2150 485 2174 l
504 2148 544 2175 Al.
565 2147 633 2175 Male
653 2148 855 2176 orientalium:
873 2146 918 2174 eit.
940 2147 1000 2174 cod.
1021 2150 1047 2175 et
1059 2156 1114 2182 pro
1131 2148 1184 2174 Ec-

441 2194 605 2222 etesiarum.

475 2239 490 2265 ⁹2
507 2238 575 2273 Apte
595 2237 705 2273 quidem
724 2236 762 2264 id.
780 2236 840 2264 cod.
856 2237 960 2264 sedem.

476 2282 491 2309 3
513 2282 551 2308 ld.
568 2282 629 2308 cod.
649 2281 791 2309 maternis
807 2284 832 2307 te
849 2280 960 2307 vocibus
981 2283 1007 2308 ct
1028 2281 1185 2315 praecipue

441 2328 571 2362 fitiorum
589 2330 704 2354 tuorum
715 2326 883 2360 compellere
898 2332 955 2351 non
972 2325 1103 2353 desinens
1118 2328 1184 2353 ante

437 2371 635 2406 praesentiam
656 2374 721 2398 tuac
740 2371 869 2405 pietatis.

477 2417 493 2442 lu
513 2415 618 2450 Optime
634 2423 698 2441 sane
715 2415 751 2441 id.
768 2414 826 2441 cod.
848 2423 884 2440 ne
905 2415 1033 2442 amicam
1053 2414 1184 2446 Domini,

442 2469 498 2495 qua
513 2461 633 2495 desuper
648 2463 782 2487 contemta
795 2467 847 2494 per
863 2462 964 2494 totum,
981 2460 1012 2486 in
1027 2468 1128 2487 unum.

478 2506 494 2532 5
510 2505 550 2532 ld.
568 2505 626 2532 eod.
645 2512 702 2531 esse
718 2504 847 2532 discissa.

477 2550 493 2576 6
514 2549 552 2576 ld.
570 2548 630 2576 cod.
647 2556 704 2576 esse
720 2556 836 2581 verear,
851 2549 898 2575 sed
914 2549 1004 2584 inepte
1015 2548 1049 2575 ad
1065 2552 1182 2576 context.

482 2594 495 2620 7
513 2593 552 2620 Id.
571 2593 631 2620 cod.
643 2593 738 2620 Melius
754 2593 879 2621 detrusa.

479 2638 495 2665 8
510 2640 533 2666 A
552 2641 577 2667 te
598 2638 675 2666 deest
690 2638 716 2665 in
733 2638 792 2666 cod.
811 2638 869 2666 Vat.
886 2638 964 2666 1342.

953 237 1114 261 APPENDIX
1134 237 1282 262 BULLARII
1304 237 1423 262 ROMAM

1981 236 2030 263 Λη.
2052 236 2080 263 C.
2097 235 2149 264 483

1212 290 1370 328 potestate
1401 290 1529 319 extrusa
1548 285 1557 301 ⁷
1582 284 1787 328 praevalendi
1818 284 1873 317 tibi
1897 284 1952 317 de-

1211 348 1277 371 nuo
1298 339 1379 371 viam
1401 339 1432 371 in
1460 338 1558 382 ipsius
1582 337 1768 371 defensione
1788 337 1947 381 patefecit.

1263 392 1294 424 3.
1329 392 1465 431 Verum,
1498 401 1637 435 quaeso,
1672 400 1818 434 propone
1856 390 1951 423 etiam
1969 430 1971 432 Ι
2000 403 2116 427 {tetigimus
2131 404 2151 424 in

1213 446 1358 489 exempla
1379 451 1561 487 gestorum,
1585 451 1616 478 et
1634 445 1718 477 hanc
1743 444 1846 477 vicem
1873 444 1952 477 meis
1968 436 2009 476 i'iif‘
2012 430 2152 481 2l?²1·p¹}2⁰5-21

1214 500 1355 542 repende
1386 498 1562 536 beneficiis,
1594 504 1629 531 ut
1656 508 1739 541 quae
1767 508 1824 541 per
1845 508 1952 530 rerum
1967 482 2086 509 ''⁰¹¹d⁰'¹‘¹³'

1213 552 1359 585 examina
1373 552 1604 595 comprobasti,
1625 558 1656 584 et
1667 550 1849 595 periculosa
1862 561 1955 594 prae-

1214 616 1341 645 caveas,
1377 611 1408 638 et
1427 605 1572 638 subsidia
1604 610 1815 649 recuperatae
1847 615 1865 637 a
1896 610 1926 637 te
1945 606 1956 621 ⁸

1213 658 1377 700 dignitatis
1397 658 1535 691 affectes.
1559 659 1644 691 llaec
1664 668 1755 700 rogo,
1775 668 1858 701 quae
1872 657 1955 691 dicta

1213 713 1295 745 Deus
1321 722 1388 745 esse
1414 711 1513 745 voluit
1530 722 1588 755 per
1605 711 1709 745 dictae
1728 710 1811 744 sedis
1832 711 1955 744 antisti-

1214 772 1290 806 tem,
1313 766 1360 798 vel
1386 776 1444 809 por
1464 765 1526 797 mei
1546 765 1669 798 ordinis
1686 764 1887 808 parvitatem,
1901 764 1957 808 qui

1215 826 1288 852 tuae
1324 818 1504 852 securitatis
1522 819 1532 834 ⁰
1561 818 1695 859 intuitu,
1729 817 1956 851 huiuscemodi

1213 873 1286 906 ideo
1307 872 1487 916 promenda
1504 871 1667 911 iudicavit,
1688 876 1723 904 ut
1742 881 1807 904 non
1821 877 1885 903 tam
1899 881 1957 914 per

1213 927 1282 959 eius
1302 926 1574 969 qualemcumque
1591 924 1759 964 vicarium,
1786 924 1842 957 sed
1864 934 1957 967 prae-

1213 980 1311 1013 sentis
1336 979 1475 1023 apostoli
1494 980 1581 1012 velut
1598 978 1788 1012 auctoritate
1810 988 1956 1011 commo-

1213 1033 1308 1074 nitus,
1334 1033 1428 1066 altius
1449 1032 1514 1065 vias
1534 1037 1566 1065 et
1590 1031 1716 1065 divinae
1743 1031 1953 1070 reverentiae,

1213 1093 1244 1120 et
1268 1088 1429 1120 humanae
1454 1085 1648 1119 conditionis
1677 1085 1834 1128 aspiciens
1854 1085 1956 1128 (quod

1213 1141 1308 1184 absit)
1333 1151 1397 1174 non
1423 1140 1567 1182 ingratus
1588 1139 1722 1173 existere
1742 1138 1878 1171 videaris
1892 1139 1958 1172 col-

1214 1196 1296 1227 latae
1322 1193 1482 1227 felicitatis
1493 1193 1628 1226 auctori.
1651 1192 1783 1231 Redeat,
1806 1191 1954 1232 obsecro,

1214 1247 1246 1280 in
1260 1247 1359 1280 animi
1378 1247 1422 1279 tui
1435 1246 1560 1288 integra
1574 1244 1808 1278 deliberatione
1823 1251 1958 1288 eonspe-

1215 1306 1314 1341 ctum,
1327 1310 1410 1343 quae
1420 1299 1569 1333 inimicos
1581 1304 1651 1332 tuos
1663 1299 1744 1331 faeta
1756 1297 1954 1337 deiecerunt,
1973 1306 2076 1330 paratum-

1216 1365 1299 1398 quae
1324 1359 1352 1386 te
1373 1354 1413 1386 ad
1433 1352 1602 1396 imperiale
1624 1351 1799 1393 fastigium,
1819 1351 1884 1384 Deo
1905 1361 1958 1384 co-

1216 1408 1361 1447 mitante,
1385 1406 1580 1445 revexerint3
1604 1405 1741 1449 qualiter
1754 1404 1800 1437 illi
1813 1415 1887 1437 eum
1900 1414 1958 1437 ne-

1217 1461 1313 1494 fanda
1338 1460 1497 1503 dogmatis
1521 1459 1707 1503 receptione
1725 1458 1955 1497 concideruntj,

1217 1521 1248 1548 et
1271 1515 1548 1559 quemadmodum
1569 1513 1672 1555 gloria
1691 1518 1745 1546 tua
1762 1512 1795 1545 in
1808 1510 1831 1529 ¹⁰
1846 1512 1961 1544 haere-

1219 1568 1355 1602 ticorum
1388 1567 1485 1600 suerit
1511 1566 1700 1610 depulsione
1731 1569 1896 1609 reparata3
1924 1571 1960 1598 ut

1217 1622 1262 1655 illi
1289 1627 1401 1655 contra
1431 1620 1700 1655 Chalcedonensis
1731 1619 1842 1663 synodi
1862 1629 1959 1652 vene-

1218 1675 1331 1708 rabilia
1341 1675 1523 1714 constituta,
1539 1679 1569 1707 et
1580 1672 1756 1706 beatissimi
1766 1672 1870 1715 Papae
1881 1672 1960 1705 Leo-

1217 1731 1267 1763 nis
1291 1729 1409 1773 seripta
1434 1728 1609 1765 venientes,
1633 1727 1702 1771 ipsa
1720 1726 1769 1759 sui
1791 1725 1960 1758 molitione

1217 1783 1350 1826 collapsi
1368 1788 1458 1819 suut·,
1482 1787 1512 1814 et
1529 1781 1645 1824 quibus
1663 1779 1767 1813 modis
1781 1789 1893 1812 eorum
1909 1789 1959 1811 re-

1218 1836 1427 1869 formationes
1438 1836 1477 1868 ad
1489 1835 1661 1878 pristinum
1673 1830 1879 1866 remear11nt¹¹
1892 1837 1958 1865 tua-

1217 1901 1289 1923 rum
1310 1889 1524 1922 reverentiam
1544 1887 1564 1904 ¹²
1586 1887 1816 1931 principatum.

1262 1944 1292 1976 lt.
1322 1943 1440 1983 Liceat,
1469 1953 1539 1983 oro,
1563 1942 1648 1985 apud
1664 1947 1691 1974 te
1706 1941 1844 1974 tidenter
1864 1950 1960 1983 expo-

1218 2007 1295 2030 nere
1308 1996 1340 2036 ¹³,
1356 2007 1452 2040 quem
1464 1995 1482 2012 ¹⁴
1497 1995 1648 2029 convenit
1659 2005 1725 2028 non
1740 2000 1857 2027 tacere.
1882 1992 1959 2026 Uni-

1219 2061 1292 2084 cum
1317 2051 1348 2083 in
1372 2056 1400 2083 te
1425 2055 1572 2094 superest
1597 2048 1694 2093 prisci
1715 2058 1836 2081 nomen
1857 2047 1960 2090 impe-

1254 2149 1269 2174 9
1282 2148 1321 2174 ΑΙ,
1338 2148 1515 2176 serenitatis.

1259 2193 1288 2218 10
1303 2192 1378 2227 Apud
1401 2191 1445 2218 cit.
1462 2191 1522 2218 cod.
1539 2191 1607 2218 forte
1623 2190 1719 2217 melius
1735 2189 1765 2216 in
1780 2188 1959 2216 desideratur.

1256 2238 1284 2263 11
1307 2236 1347 2263 Al.
1373 2238 1562 2270 repararunt.
1581 2234 1645 2262 Cod.
1668 2234 1726 2261 Vat.
1755 2233 1823 2261 1353
1846 2241 1961 2261 remea-

1219 2281 1320 2308 verint.
1342 2281 1406 2307 Cod.
1424 2281 1488 2307 Luc.
1511 2279 1588 2306 Forte
1608 2281 1790 2306 revexerunt.

1257 2326 1288 2352 12
1304 2325 1385 2352 llard.
1402 2325 1470 2351 forte
1482 2327 1533 2351 tua
1544 2331 1608 2351 cum
1624 2323 1797 2351 reverentia.
1819 2322 1882 2349 cod.
1899 2322 1959 2349 Vat.

1221 2370 1288 2397 1353
1299 2373 1365 2397 tuae
1380 2369 1552 2396 reverentiae
1564 2368 1776 2402 principatum.
1792 2366 1856 2393 Cod.
1868 2369 1960 2393 autem

1221 2415 1287 2442 1342
1304 2423 1365 2441 cum
1384 2422 1441 2448 reg.
1464 2421 1528 2439 mss.
1554 2416 1633 2439 tuam
1655 2411 1861 2438 reverentiam.
1889 2410 1961 2444 Lege

1219 2459 1300 2494 igitur
1320 2459 1357 2484 act
1372 2458 1532 2492 pristinum
1547 2458 1718 2485 revenerunt
1734 2458 1812 2483 tuam
1825 2462 1962 2483 reveren-

1220 2504 1294 2532 tiam
1306 2503 1521 2538 principatum.

1259 2548 1288 2574 13
1304 2548 1344 2574 ΑΙ,
1365 2555 1504 2575 emercere.
1521 2546 1586 2574 Cod.
1608 2545 1678 2573 13402
1697 2553 1825 2576 exerere,
1842 2544 1887 2571 ubi
1908 2544 1962 2571 alio

1219 2592 1377 2620 charactere
1392 2599 1544 2619 recensere.

1256 2637 1288 2663 14
1308 2637 1388 2663 Forte
1408 2636 1494 2671 quod.

1999 1251 2040 1271 Per
2055 1250 2110 1271 illam
2118 1250 2157 1270 Au-

1973 1278 2026 1303 gusti
2038 1277 2116 1301 elui-iao
2127 1283 2158 1297 re·
