2244 3183
226 209 275 237 An.
297 209 325 237 C.
341 210 393 237 495

276 801 360 822 Frustra
380 802 407 822 at·

223 829 262 848 iltis
278 829 407 853 ignorantiae

223 857 282 875 tiu-u«
309 858 406 881 praeten-

221 882 287 903 ditur:

258 1495 367 1522 Siquidem
382 1497 402 1516 et

219 1522 402 1548 modoexprnhia-

218 1551 238 1569 ta
255 1551 368 1569 sectantur.

456 200 520 235 290

427 258 512 292 tam¹
538 258 703 292 evidenter
727 258 942 299 adverterent,
960 258 1032 292 idco
1049 258 1162 292 Calen-

425 312 554 345 (lionem
573 311 741 355 depulsum
754 312 776 353 ¹²,
796 317 830 344 ut
850 312 1018 345 haereticis
1039 312 1163 356 pande—

424 372 513 399 retur
538 355 713 398 introitus'?
738 366 841 405 Quare
862 366 913 398 liitt-
935 366 1013 398 nihil
1036 367 1074 399 de
1097 358 1162 407 1²e³‚

424 419 503 451 nihil
529 420 568 451 de
593 419 656 451 tide
682 418 867 459 christiana,
891 419 968 451 nibil
991 420 1030 452 de
1050 430 1162 463 perso-

424 482 536 504 narum
559 472 796 505 examinatione
819 473 1017 506 tractarunt?
1038 473 1068 505 Si
1091 483 1165 506 vero

424 526 467 558 illi
484 536 595 558 eornm
610 536 642 559 se
657 526 878 559 communioni
897 527 1075 560 voluntarie
1090 527 1164 560 sub-

423 580 585 618 diderunt,
620 581 659 613 ab
691 581 874 624 apostolica
902 581 983 614 Sede
1008 587 1093 614 certe
1119 593 1166 614 se-

422 634 525 677 parati
551 640 641 673 sunt,
670 646 742 666 cuni
774 634 890 667 talibus
916 640 943 667 et
966 635 1050 678 apud
1074 635 1162 675 tales,

424 687 548 720 etiamsi
580 693 658 720 esset
688 698 817 720 necesse
842 688 923 728 fieri,
947 688 1034 720 nulla
1059 694 1163 731 posset

424 740 556 773 omnino
571 741 711 783 synodus·
732 741 912 783 provenire.
931 740 1020 779 Quod
1035 740 1059 773 si
1076 741 1165 782 igno-

426 804 510 826 rasse
535 804 568 826 se
589 794 725 827 dixerint
749 795 851 838 qualis
872 794 1081 827 Antioc-biae‘·
1095 800 1163 838 post

423 846 649 880 Catendionem
683 847 886 880 successisset.
909 847 1052 887 antistes,
1087 847 1164 891 quid

423 900 552 939 mirum,
581 900 605 932 si
627 900 681 944 qui
703 900 733 932 in
755 900 883 933 Oriente
903 900 1010 944 positi,
1032 911 1114 944 quae
1134 900 1163 932 in

421 953 554 996 regione
579 964 636 986 sua
671 953 864 995 contigerint
897 954 977 987 scire
1007 954 1160 998 nequive-

420 1012 506 1048 runt,
516 1018 564 1047 ea,
576 1018 658 1050 quae
672 1007 710 1039 ad
723 1007 937 1050 Apostolicam
949 1008 1062 1041 Sedem
1076 1013 1163 1049 gesta

420 1061 557 1101 fuerant,
581 1060 788 1102 ignorarent?
810 1061 870 1093 Cur
889 1066 1006 1099 tamen,
1030 1066 1159 1105 postea-

420 1124 516 1157 quam
539 1114 578 1146 ad
596 1124 709 1147 eorum
731 1114 877 1146 notitiam
899 1114 1044 1157 pervenit
1058 1114 1162 1157 qualis

419 1173 501 1200 esset
524 1168 675 1200 sacerdos
700 1168 785 1210 apud
812 1167 1014 1200 Antiochiam
1037 1168 1159 1201 consti-

420 1226 517 1262 tutus,
551 1231 615 1253 non
649 1220 716 1253 cius
748 1221 910 1254 consortia
931 1221 1084 1253 continuo
1106 1232 1158 1254 rc-

417 1274 597 1317 spuerunt‘?
617 1274 718 1312 Quid⁵
740 1274 978 1308 excusationem
1004 1274 1042 1307 de
1064 1275 1158 1317 igno—

416 1327 539 1361 rantiae
551 1328 659 1360 colore
671 1329 896 1371 praetendunt,
912 1338 984 1362 cum
1000 1328 1161 1372 hodieque

418 1386 449 1413 et
473 1380 673 1414 manifestata
694 1381 841 1423 contagia
862 1381 1073 1425 perfidorum,
1094 1387 1125 1415 et
1145 1392 1162 1415 a

418 1434 512 1468 nobis
531 1435 658 1478 saepius
679 1436 870 1478 exprobrata
888 1436 1072 1469 sectentur?
1093 1435 1160 1474 Quo

418 1488 492 1521 satis
510 1494 652 1532 apparet,
665 1489 740 1532 quia
750 1494 874 1522 netunc
892 1490 1022 1533 quidem
1038 1490 1160 1523 etiamsi

418 1548 651 1584 cognoscerent
681 1543 879 1583 refutarent,
914 1543 1044 1586 quando
1075 1554 1160 1576 nunc

417 1595 512 1628 etiam
536 1595 697 1639 publicata
718 1607 782 1629 non
804 1602 955 1630 renuunt.
980 1598 1113 1630 Prorsus
1128 1598 1158 1630 in

417 1649 593 1692 quamlibet
626 1661 659 1682 sc
690 1656 813 1693 partem
847 1650 1160 1695 causationemquefl

416 1708 625 1743 convertant,
659 1703 847 1736 manifestae
874 1704 1013 1736 veritatis
1038 1704 1080 1737 ita
1107 1705 1155 1737 la-

415 1755 505 1799 queis
519 1756 728 1797 suffocantur,
746 1763 779 1789 ut,
797 1757 863 1789 suis
884 1757 942 1801 ipsi
965 1757 1155 1801 verbispos-

414 1808 478 1841 sint
502 1810 691 1853 actibusque
712 1811 873 1851 concludi,
897 1821 955 1843 nec
976 1811 1034 1843 nisi
1056 1811 1156 1843 solam

414 1863 590 1906 perniciem
617 1864 795 1896 obstinatae
816 1864 973 1908 perfidiae
994 1864 1155 1897 residuam

414 1916 579 1949 ventilare.
612 1917 696 1949 Ilaec
721 1922 846 1955 autem,
876 1928 958 1960 quae
977 1918 1015 1950 de
1041 1917 1154 1950 Calen-

415 1969 511 2002 dione
536 1970 711 2003 venerabili
742 1970 826 2003 dic-‚ta
846 1977 930 2011 sunt,
956 1977 985 2003 et
1007 1971 1037 2003 in
1059 1971 1154 2004 Ioan-

414 2023 462 2056 nis
483 2024 688 2057 Alexandrini
710 2025 905 2058 conveniunt
926 2031 1012 2058 certa
1033 2025 1157 2058 ratione

450 2169 460 2195 1
484 2168 523 2196 At.
546 2170 618 2196 iam.
639 2168 681 2195 Ad
707 2172 772 2196 orat.
792 2168 845 2195 vim
865 2168 956 2195 minus
976 2172 1047 2204 apte.

449 2218 465 2244 2
489 2229 501 2243 «
517 2218 545 2244 ld
564 2218 662 2245 accidit
684 2226 745 2245 ann.
763 2218 814 2245 483
830 2229 856 2246 n.
873 2218 965 2245 blansi.

448 2268 465 2294 3
484 2267 522 2294 At.
540 2276 601 2298 cum
613 2276 660 2294 nn.
677 2267 756 2295 codd.
772 2272 799 2294 et
814 2267 874 2294 cod.
891 2267 988 2294 Veron.
1006 2267 1067 2294 add.
1081 2266 1156 2294 m'hil

414 2316 446 2343 cle
461 2317 580 2352 synodo.

449 2366 465 2391 n'4
480 2365 544 2392 Cod.
558 2366 658 2393 Veron.
678 2366 757 2401 apud
772 2365 971 2394 Antiochiam.

448 2415 465 2441 5
480 2414 543 2442 Cod.
561 2415 619 2442 Vat.
640 2415 710 2442 1344
731 2416 800 2443 Cur.

448 2465 464 2491 6
478 2463 528 2490 Cit.
550 2464 610 2492 cod.
632 2473 692 2491 cum
711 2465 770 2491 aliis
790 2465 852 2491 edit.
874 2465 1154 2498 causationemque.

448 2514 463 2541 7
483 2513 548 2541 Cod.
565 2522 591 2540 n.
613 2514 679 2541 3791
698 2517 774 2542 sunt.
792 2514 870 2542 Forte
886 2522 974 2541 aman.
992 2513 1101 2542 mendo.

447 2562 463 2588 8
479 2561 508 2588 In
529 2562 572 2588 cit.
590 2562 650 2589 cod.
666 2561 742 2589 deest
762 2563 835 2590 illic.

448 2618 464 2644 9
483 2616 533 2645 Cit.
550 2616 608 2646 cod.
626 2620 755 2653 apteque.

941 210 1093 234 APPENntx
1118 208 1217 233 BULLA
1223 210 1265 234 nil
1291 210 1351 235 ROM
1358 211 1409 234 tNt

1200 269 1380 302 personam.
1404 259 1518 297 Immo,
1547 257 1571 290 si
1591 268 1685 291 causa
1710 258 1821 291 eadem
1845 258 1938 291 latius

1201 312 1391 356 insputatur,
1418 317 1521 344 tantae
1543 310 1607 344 illie
1639 311 1833 352 tragoediae,
1862 312 1939 345 tanti

1200 366 1406 409 reperiuntur
1427 375 1563 404 errores,
1580 370 1611 397 ut
1634 364 1658 397 si
1675 364 1734 408 ipsi
1755 364 1837 398 sint⁷
1858 365 1940 397 iudi-

1199 430 1262 457 ces,
1275 419 1328 462 qui
1345 419 1454 451 eadem
1470 423 1706 461 perpetrarunt,
1723 428 1795 451 eum
1811 418 1939 452 eviden-

1201 478 1246 505 ter
1268 473 1385 505 suerint
1407 471 1584 511 confutati,
1612 482 1630 504 a
1657 471 1705 504 sui
1732 471 1939 505 damnatione

1200 536 1262 560 nm]
1279 530 1471 569 temperent.
1493 525 1600 558 Palam
1620 525 1704 557 enim
1728 525 1792 557 illic
1805 524 1825 564 Β,
1849 535 1941 568 aper-

1201 585 1294 622 teque
1316 580 1326 595 ‘³
1353 584 1549 611 monstratur
1563 577 1594 619 ¹⁰,
1622 578 1700 611 nihil
1723 578 1809 611 aliud
1843 589 1939 622 quam

1199 633 1376 676 quaesitam
1403 643 1543 672 causam,
1570 632 1859 675 quemadmodum,
1882 643 1937 665 ca-

1200 686 1318 718 tholico
1350 685 1579 729 qualicumque
1611 685 1746 729 depulso
1771 684 1936 726 Pontifice,

1199 739 1360 772 haeretico
1369 740 1463 772 Petro
1478 744 1675 772 reseraretur
1685 749 1840 772 accessus.
1852 739 1940 772 Tunc

1200 792 1283 825 istud
1311 803 1408 825 nemo
1435 792 1636 831 discutiebat,
1665 783 1822 836 synodum
1843 803 1939 826 nemo

1199 845 1362 889 poscebat,
1377 846 1493 890 passim
1509 845 1616 879 omnia
1631 846 1719 879 licito
1740 845 1809 879 sieri
1831 857 1849 879 a
1869 845 1940 890 qui-

1199 899 1399 943 buscumque
1429 899 1635 940 videbantur·‚
1663 899 1786 932 nullum
1820 899 1936 932 discri-

1199 964 1271 986 men
1293 964 1412 994 rerum,
1437 954 1525 986 nulla
1545 953 1738 986 examinatio
1756 953 1939 996 postulaba-

1198 1013 1249 1039 tur
1265 1008 1443 1045 Eeelesiae;
1471 1008 1525 1040 sed
1551 1013 1648 1051 prout.
1674 1008 1713 1040 de
1740 1017 1937 1051 unoquoque

1198 1062 1334 1095 venisset
1359 1062 1390 1094 in
1411 1067 1564 1099 mentem,
1589 1062 1628 1094 de
1649 1061 1713 1095 suis
1731 1061 1867 1094 urbibus
1887 1072 1939 1094 ca-

1197 1115 1333 1148 tholicus
1354 1115 1534 1159 pellebatur
1560 1115 1730 1159 episcopus
1750 1126 1813 1147 non
1833 1115 1937 1147 solum

1197 1169 1482 1212 metropolitanus,
1506 1169 1561 1201 sed
1582 1162 1676 1200 etiarn
1701 1168 1812 1201 tertiae
1833 1173 1863 1201 et
1883 1178 1934 1201 se-

1196 1222 1319 1255 cundae
1340 1222 1424 1255 sedis
1444 1222 1576 1255 antistes
1590 1221 1620 1254 ¹¹.
1650 1221 1683 1255 ln
1702 1222 1751 1255 bis
1772 1222 1860 1254 nulla
1882 1233 1934 1255 re-

1196 1287 1266 1308 rum
1301 1276 1465 1319 vestigatio
1498 1277 1733 1320 quaerebatur,
1771 1276 1859 1309 nulla
1888 1276 1934 1309 sa-

1195 1329 1308 1362 cienda
1320 1329 1454 1362 concilia
1466 1329 1678 1370 metabantur,
1688 1329 1907 1370 subrogantur
1918 1327 1939 1345 ¹²

1196 1382 1361 1423 haeretici,
1373 1393 1469 1416 nemo
1480 1383 1657 1416 resultabat
1667 1394 1675 1423 ·‚
1686 1383 1742 1416 sed
1754 1382 1839 1415 velut
1850 1387 1938 1414 muta

1196 1447 1313 1480 pecora
1338 1436 1369 1469 in
1395 1436 1576 1481 captionem
1603 1437 1699 1470 ducta
1726 1435 1862 1469 subditis
1881 1446 1937 1469 vo-

1196 1491 1371 1524 luntatibus
1402 1491 1572 1534 perfidiam
1609 1490 1826 1524 sectabantur.
1867 1489 1936 1522 Non

1196 1543 1314 1576 mirum
1340 1544 1483 1587 quidem,
1513 1544 1537 1577 si
1571 1554 1655 1577 nunc
1688 1553 1742 1576 eos
1763 1542 1936 1575 defendere

1196 1597 1381 1637 moliantur,
1406 1608 1544 1640 quorum
1567 1596 1777 1629 indiscussam
1790 1594 1812 1611 ¹⁸
1833 1595 1935 1628 caecis

1196 1650 1356 1683 mentibus
1369 1650 1468 1684 secuti
1487 1649 1739 1683 suntutilitatem
1754 1648 1784 1682 ¹⁴.
1800 1648 1860 1682 Sed
1876 1648 1935 1680 mi-

1195 1715 1323 1745 ramur,
1357 1716 1414 1737 cur
1440 1715 1494 1737 eos
1520 1715 1584 1737 non
1605 1705 1721 1748 pudeat
1746 1704 1776 1736 in
1798 1704 1932 1736 istorum

1193 1757 1398 1791 damnatione
1413 1758 1451 1790 de
1465 1758 1588 1802 synodo
1610 1768 1673 1790 non
1696 1758 1775 1790 saeta
1795 1756 1930 1795 causari,

1193 1822 1263 1843 eum
1290 1811 1392 1844 sciant
1418 1817 1461 1844 tot
1476 1817 1643 1855 tantosque
1663 1810 1834 1844 Pontifices
1846 1810 1934 1842 nulla

1191 1865 1312 1908 synodo
1347 1865 1442 1898 fuisse
1461 1865 1622 1909 depulsos.
1643 1864 1673 1897 Si
1696 1863 1715 1880 ¹⁵
1740 1864 1771 1896 in
1797 1864 1932 1897 istorum

1193 1917 1366 1951 reiectione
1388 1919 1426 1951 de
1447 1928 1511 1951 non
1538 1918 1616 1950 inito
1637 1917 1774 1950 concilio
1793 1927 1933 1960 conque-

1191 1976 1318 2012 runtur,
1347 1977 1545 2015 cognoscant.
1568 1982 1621 2011 se,
1656 1982 1714 2004 cur
1734 1981 1797 2004 non
1820 1976 1851 2003 et
1871 1970 1932 2003 hoc

1193 2025 1222 2057 in
1247 2026 1384 2059 aliorum
1417 2026 1591 2059 reiectione
1623 2024 1849 2069 quaesiverint,
1873 2034 1928 2057 ac-

1228 2171 1259 2197 tO
1274 2170 1337 2198 Cod.
1356 2170 1412 2198 Vat.
1432 2170 1499 2198 1344
1510 2173 1663 2205 aperteque
1673 2169 1835 2197 moliuntur
1853 2168 1932 2196 nihil

1190 2215 1273 2242 aliud
1298 2223 1387 2249 quam
1407 2214 1568 2249 quaesitam
1581 2222 1708 2241 causam.

1227 2261 1253 2286 11
1278 2259 1384 2287 Scilicet
1402 2271 1414 2284 «
1427 2258 1552 2286 Calendio
1565 2258 1759 2293 Antiochenus,
1774 2261 1801 2285 et
1817 2257 1930 2285 loannes

1190 2304 1281 2331 'Palaia
1301 2303 1497 2331 Alexandrinus
1515 2313 1537 2330 v.
1559 2303 1657 2330 Mansi.

1226 2350 1258 2376 te
1274 2350 1317 2376 At.
1338 2358 1398 2376 cum
1422 2349 1479 2376 cod.
1501 2349 1612 2379 Veron..
1634 2352 1661 2375 et
1676 2348 1733 2375 Vat.
1747 2348 1812 2376 3791
1832 2347 1931 2375 subro—

1188 2395 1342 2429 9abantur.
1364 2394 1431 2421 Sane
1452 2393 1539 2429 aptius
1558 2393 1591 2420 ad
1608 2396 1675 2420 orat.
1694 2395 1810 2420 context.

1225 2439 1258 2465 13
1266 2450 1276 2461 a
1288 2439 1327 2466 At.
1335 2438 1522 2466 schismaticis
1529 2437 1703 2466 mentibus».
1712 2436 1793 2464 Mansi
1801 2436 1832 2463 ad
1841 2443 1927 2471 marg.

1225 2484 1258 2509 lsi
1274 2483 1337 2509 Cod.
1359 2483 1456 2510 Veron.
1472 2482 1628 2510 vilitatem.

1228 2529 1257 2554 15
1273 2527 1435 2554 Codd.Vatt.
1457 2527 1533 2561 1344,
1543 2526 1606 2553 3791
1626 2526 1663 2553 ita
1678 2526 1779 2561 legunt:
1801 2525 1928 2552 «Itzisto-

1189 2581 1255 2599 rum
1270 2573 1424 2600 reiectione
1444 2572 1478 2598 de
1493 2579 1550 2599 non
1571 2571 1642 2599 inito
1666 2570 1786 2598 concilio
1805 2577 1927 2605 conque-

1189 2619 1305 2644 runtur.
1328 2617 1565 2652 Coynoscant...».

1965 207 2014 234 An.
2035 207 2064 234 C.
2086 207 2138 235 495

1981 321 2025 342 Non
2040 327 2101 342 secus
2114 327 2140 342 ac

1956 347 2065 372 Calendio,
2078 348 2138 369 toan-

1956 380 1992 395 πως
2017 374 2138 395 Alexandri-

1955 407 1993 421 nus
2017 401 2044 421 ab
2064 401 2140 422 haere-

1956 427 2002 447 ticis
2019 427 2111 449 eiicitur.

1968 1064 2052 1094 ⁴Neque
2062 1066 2089 1086 ad
2097 1067 2137 1087 hoc

1954 1092 1992 1111 viri
2017 1092 2136 1117 prudentis-

1953 1118 1999 1138 simi
2036 1119 2137 1144 synodum

1953 1145 2103 1170 exposcebant.

1960 1915 2026 1941 lgitui·
2034 1915 2085 1936 nihil
2094 1918 2133 1941 est,

1948 1948 1985 1962 cur
1995 1948 2041 1963 eam
2050 1943 2070 1963 in
2081 1943 2132 1964 Aca-

1947 1968 1974 1989 cii
1994 1968 2131 1990 damnatione

1947 1995 2064 2022 requirant.
