2244 3183
241 203 292 229 An.
313 203 341 229 C.
359 202 410 230 1293

265 530 380 551 ‹lb-errat.
407 536 411 548 ι

239 586 367 602 restituatur.

474 193 537 227 ⁶282

440 252 587 285 homines
619 262 683 286 non
717 258 854 286 teneant.
892 253 1093 298 Quapropter
1121 255 1178 287 suh

440 312 614 349 vonspeetn
635 306 688 339 Dei
711 306 812 350 pnre¹
834 318 870 340 ae
890 307 1012 341 sincere
1027 309 1178 352 pietatem

441 366 525 391 tuam
548 359 715 402 deprecor,
744 360 888 393 obtestor
908 367 938 394 et
960 361 1122 403 exhortor,
1146 368 1179 395 ιιι

439 412 626 454 petitionem
651 423 754 445 meam
780 423 843 446 non
874 414 1079 457 indignanter
1099 416 1180 449 aeri-

438 465 520 508 pias.
550 475 647 507 rog-o,
680 466 831 509 inquam,
860 473 892 500 ut
916 478 965 501 me
988 468 1018 501 in
1040 469 1097 502 har
1119 469 1180 502 vita

438 518 543 561 potius
561 519 671 551 audias
697 520 937 563 deprecantem,
962 533 1057 566 quam
1080 523 1178 566 (quod

391 563 420 575 m
437 572 532 615 absit)
554 572 584 605 in
611 573 719 606 divino
739 574 858 608 iudicio
883 576 1001 609 sentias
1027 587 1180 610 accusan-

438 632 511 658 tem.
537 626 599 658 Nec
629 637 679 659 me
709 628 796 668 latet,
825 628 1001 672 imperator
1025 631 1176 672 Auguste,

437 678 522 721 quod
545 679 670 722 pietatis
692 686 765 713 tuae
785 682 927 714 studium
949 682 1041 715 suerit
1065 683 1096 715 in
1115 683 1179 727 pri-

436 737 507 764 rata
532 732 606 765 vita.
630 732 751 776 Optasti
779 745 908 778 semper
928 735 996 767 steri
1019 736 1179 779 particeps

436 785 659 828 promissionis
686 793 847 820 aeternae.
876 788 1078 833 Quapropter
1098 790 1175 829 noli,

435 838 585 881 preeor²‚
604 840 695 873 irasci
723 841 813 881 mihi,
831 841 854 874 si
871 848 899 875 te
918 847 1041 875 tantum
1064 843 1174 885 diligo,

435 897 470 924 ut
485 903 633 934 regnum,
658 894 743 937 quod
771 895 992 939 temporaliter
1016 903 1178 930 assecutus

435 956 478 986 es,
506 947 601 979 velim
635 953 664 981 te
695 947 814 982 hahere
834 939 1038 993 perpetuum,
1063 957 1093 984 et
1123 951 1176 995 qui

435 1000 574 1043 imperas
584 1001 724 1042 saeculo,
740 1002 842 1046 possis
857 1013 991 1045 regnare
1002 1014 1074 1036 eum
1090 1004 1178 1037 Chri-

434 1058 492 1086 sto.
516 1054 590 1087 Tuis
611 1060 696 1088 eerte
718 1055 853 1097 legibus,
878 1056 1065 1100 imperator,
1089 1064 1177 1101 pate-

435 1106 479 1138 ris
497 1106 576 1139 nihil
593 1108 711 1151 perire⁷
736 1109 881 1142 Romano
906 1110 1029 1143 nomini
1052 1111 1174 1144 nullum

436 1157 578 1191 admittis
600 1158 701 1201 ingeri
716 1159 727 1175 ³
751 1160 993 1194 detrimentum.
1018 1163 1104 1195 Itane
1126 1173 1177 1195 ve-

434 1221 505 1243 rum
527 1216 584 1251 est,
601 1212 751 1256 princeps
769 1213 908 1255 egregie,
925 1215 978 1257 qui
994 1225 1057 1248 non
1072 1217 1174 1248 solum

433 1264 615 1307 praesentia
641 1265 754 1298 Christi
783 1266 952 1307 beneficia,
976 1268 1030 1301 sed
1052 1268 1175 1301 deside-

432 1327 483 1350 ras
501 1323 532 1350 et
555 1318 672 1359 sutura,
694 1323 727 1351 ut
748 1319 909 1361 religioni,
933 1326 967 1354 ut
986 1321 1124 1363 veritati,
1141 1327 1175 1355 ut

432 1370 608 1404 sinceritati
641 1372 818 1406 catholicae
850 1374 1109 1415 communionis,
1146 1382 1176 1409 et

432 1424 505 1457 fidei
530 1426 728 1469 temporibus
744 1427 815 1467 tuis,
828 1428 960 1471 patiaris
977 1439 1172 1473 quemquam

431 1477 552 1511 inferre
585 1479 813 1523 dispendium?
844 1481 912 1520 Qua
943 1481 1061 1515 fiducia
1082 1484 1173 1526 (rogo

431 1530 474 1573 te)
497 1531 561 1564 illic
583 1532 650 1565 eius
668 1534 812 1576 praemia
836 1535 994 1578 petiturus
1015 1546 1059 1576 es,
1083 1536 1174 1569 ouius

430 1584 481 1617 hic
503 1584 620 1619 damna
645 1597 709 1619 non
735 1587 908 1631 prohibes‘?
928 1589 997 1621 Non
1017 1588 1080 1622 sint
1100 1600 1172 1632 gra-

429 1638 490 1678 via,
515 1650 634 1683 quaeso
657 1646 698 1681 te,
719 1652 800 1685 quae
821 1653 880 1686 pro
896 1648 967 1675 tuae
988 1644 1099 1677 salutis
1121 1655 1173 1677 ae—

431 1691 579 1725 ternitate
600 1693 762 1727 dicuntur.
786 1695 948 1739 Scriptum
969 1696 1089 1737 legisti:
1109 1697 1173 1730 Me-

430 1743 514 1777 liora
544 1751 620 1779 sunt
645 1747 783 1780 vulnera
806 1749 916 1789 amici,
940 1760 1037 1793 quam
1063 1751 1171 1783 oscula

429 1797 592 1831 'inimicis
622 1799 745 1839 Quaeso
764 1800 914 1844 pietatem
937 1808 1035 1845 tuam,
1056 1809 1088 1836 ut
1108 1814 1171 1847 quo

429 1850 544 1884 affectu
569 1852 722 1886 dicuntur
743 1865 760 1887 a
785 1865 856 1896 me,
881 1866 918 1888 eo
940 1856 1001 1889 tuis
1026 1857 1171 1891 sensibus

429 1903 628 1939 intimentur.
661 1907 761 1940 Nemo
786 1908 937 1952 pietatem
962 1915 1047 1942 tuam
1070 1911 1167 1943 sallat.

429 1957 546 1991 Verum
561 1965 618 1999 est,
639 1961 726 2003 quod
741 1961 921 2004 figuraliter
932 1964 943 1979 ⁵
962 1974 1020 2007 per
1031 1964 1171 2008 proplie-

429 2017 491 2045 tam
517 2012 676 2057 scriptura
698 2019 848 2049 testatur:
876 2016 947 2050 Una
961 2021 1004 2050 est
1025 2018 1170 2051 columba

464 2111 474 2136 1
493 2109 570 2138 Pure
583 2110 610 2137 in
625 2111 683 2138 eod.
705 2112 765 2139 cod.
785 2112 853 2140 1340
869 2113 1051 2142 desideratur.

462 2150 478 2176 2
492 2150 531 2177 ld.
552 2159 657 2185 precor
676 2151 784 2180 omittit.

462 2190 478 2216 3
494 2189 532 2216 td.
549 2199 691 2226 perperam
707 2192 739 2218 ad
756 2196 823 2219 orat.
840 2193 985 2227 inqerere.

463 2230 478 2256 t
494 2229 570 2257 Prov.
588 2237 667 2265 xxvtt,
679 2232 705 2265 6,
717 2231 763 2258 ubi
775 2232 852 2268 Vulg.
865 2233 948 2267 legit:
966 2235 1087 2263 Meliora
1103 2241 1169 2263 sunt

427 2271 548 2296 vulnera
567 2271 727 2307 diligentis,
758 2280 846 2307 quam
869 2275 1054 2308 fraudulenta
1075 2278 1168 2304 oscula

427 2309 559 2337 odientis.

461 2349 478 2376 5
493 2349 576 2378 Codd.
597 2350 667 2378 Vatt.
685 2351 763 2387 1340,
781 2352 849 2380 1344
863 2354 1061 2389 sinyulariter.

461 2394 478 2420 6
492 2394 555 2421 Cod.
572 2396 634 2423 Vat.
656 2397 725 2424 1340
749 2406 838 2432 quam
859 2402 1010 2428 veneratur
1032 2401 1166 2429 universa

426 2430 553 2457 Ecclesia
570 2431 728 2459 Catholica.

462 2475 477 2501 7
492 2474 534 2501 At.
552 2483 693 2510 perperam
713 2477 828 2505 divulsa
842 2481 891 2506 est.

461 2519 476 2545 8
501 2531 513 2544 α
537 2520 571 2548 Si
586 2520 615 2546 in
638 2520 688 2548 hoc
703 2521 827 2556 quolibet
848 2524 1001 2559 contayio»
1025 2525 1163 2560 Harduin3

426 2558 472 2586 sed
493 2567 645 2595 perperam,
658 2564 687 2587 ut
700 2561 814 2597 videtur,
831 2563 863 2589 ad
880 2567 947 2591 orat.
964 2568 1127 2592 contextum.

461 2605 477 2631 9
492 2604 581 2633 laceb.
602 2611 632 2641 ιι,
654 2607 697 2641 10,
712 2606 759 2634 ubi
772 2608 851 2643 Vulg.
866 2608 968 2645 inquit:
989 2610 1164 2646 Quicumque

964 204 1116 230 ArrEme
1143 205 1295 230 ntJLLAmI
1314 205 1436 231 nomm

1214 265 1295 295 mea,
1311 265 1378 288 una
1399 258 1442 288 est
1453 255 1594 298 perfecta
1613 265 1694 297 mea,
1718 267 1781 290 una
1802 263 1847 290 est
1868 257 1952 290 cliri-

1214 307 1315 341 stiana
1348 308 1427 341 fides
1443 335 1450 349 ,
1478 318 1559 351 quae
1585 313 1630 341 est
1656 309 1814 343 catholica
1840 311 1860 343 ⁰.
1895 310 1953 345 Ca-

1215 361 1332 394 tlioliea
1358 368 1463 394 antem
1485 361 1641 394 veraciter
1661 361 1715 395 illa
1735 369 1792 404 est,
1805 363 1894 407 'quae
1916 363 1954 397 ab
1971 374 2157 427 ‹iescffh‘ss'gffidfi’

1215 414 1358 447 omnium
1394 414 1614 458 perfidorum,
1648 420 1743 458 atque
1774 416 1813 448 ab
1843 427 1954 450 eorum
1971 428 2155 475 pgngficvffimeusrtno.

1214 467 1454 500 suecessoribus
1478 472 1573 511 atque
1595 468 1798 502 consortibus
1818 469 1953 510 sincera,

1214 531 1305 564 pura,
1317 521 1521 554 immaculata
1534 521 1762 555 communione
1773 523 1873 556 divisa
1885 523 1952 556 est⁷:

1215 574 1357 617 alioquin
1387 584 1450 607 non
1478 574 1537 608 erit
1561 575 1712 609 divinitus
1733 576 1883 609 mandata
1903 576 1954 609 di-

1214 626 1341 667 seretio,
1366 627 1420 659 sed
1434 627 1617 661 miseranda
1631 628 1785 661 confusio.
1809 629 1873 662 Nee
1892 629 1957 662 ulla

1215 690 1310 713 causa
1343 680 1404 713 iam
1436 687 1593 724 superest,
1625 681 1650 714 si
1675 681 1736 715 ltoe
1759 681 1790 714 in
1813 682 1958 726 quolibet

1214 733 1362 775 contagio
1376 734 1386 749 ⁸
1407 734 1604 768 voluerimus
1624 735 1805 776 admittere,
1822 745 1862 768 ne
1880 745 1957 768 eun-

1214 786 1270 819 etis
1285 787 1471 821 haeresibus
1481 788 1603 821 aditum
1619 789 1814 833 iamiamque
1827 790 1953 833 panda-

1214 850 1294 873 mus.
1314 840 1371 879 Qui
1385 841 1471 873 enim
1486 841 1518 874 in
1536 852 1599 875 uno
1610 842 1787 885 offenderit,
1807 843 1952 876 omnium

1214 904 1285 926 reus
1306 899 1349 927 est
1366 897 1377 917 ⁹
1390 907 1399 933 ,·
1418 900 1446 928 et
1464 896 1523 939 qui
1543 897 1684 929 mt'm'ma
1703 897 1955 940 sperm'tpaula-

1214 948 1270 980 tim
1301 948 1420 981 decidit
1434 948 1464 983 ¹⁰.
1486 950 1551 983 tloc
1580 956 1627 983 est
1647 950 1733 994 quod
1754 950 1852 984 Sedes
1871 951 1955 994 Apo-

1211 1001 1323 1034 stoliea
1337 1012 1533 1047 magnopere
1547 1009 1635 1036 cavet
1648 1004 1680 1044 ¹¹,
1695 1010 1727 1037 ut
1743 1004 1817 1047 quia
1832 1004 1953 1037 mundo

1211 1054 1299 1087 radix
1318 1061 1366 1088 est
1377 1056 1512 1099 apostoli
1527 1057 1667 1099 gloriosa
1681 1057 1851 1098 consessio,
1864 1057 1953 1090 nulla

1211 1105 1292 1138 rima
1306 1107 1482 1150 pravitatis,
1499 1108 1588 1141 nulla
1608 1119 1740 1152 prorsus
1761 1108 1952 1151 contagione

1211 1159 1434 1193 macule111r¹².
1455 1161 1532 1193 Nam
1559 1161 1583 1194 si
1606 1162 1708 1205 (quod
1729 1162 1810 1195 Deus
1831 1167 1951 1195 avertat
1972 1155 1975 1158 ’

1210 1212 1297 1254 quod
1319 1211 1389 1245 fieri
1406 1223 1470 1246 non
1482 1224 1576 1257 posse
1595 1213 1801 1257 confidimus)
1821 1214 1881 1248 tale
1895 1214 1952 1247 ali-

1210 1265 1287 1308 quid
1300 1267 1496 1309 proreniret‚
1510 1268 1595 1301 unde
1608 1267 1627 1284 ¹³
1641 1268 1789 1312 cuiquam
1803 1268 1951 1301 resistere

1210 1320 1404 1353 auderemus
1429 1321 1543 1362 errori,
1571 1322 1619 1355 vel
1652 1323 1737 1355 unde
1770 1322 1947 1356 eorrectio-

1209 1383 1282 1405 nem
1305 1374 1486 1408 errantibus
1507 1377 1739 1419 posceremus?
1759 1376 1899 1409 Proinde
1924 1376 1949 1409 si

1209 1426 1310 1470 pietas
1336 1432 1389 1461 tua
1409 1428 1504 1461 unius
1530 1429 1664 1462 civitatis
1681 1430 1836 1473 populum
1855 1434 1950 1471 negat

1209 1489 1300 1523 posse
1314 1480 1424 1524 paee¹⁴
1445 1482 1608 1526 componi,
1633 1482 1709 1526 quid
1730 1493 1788 1515 nos
1802 1482 1841 1515 de
1854 1482 1950 1515 totius

1208 1533 1295 1566 orbis
1328 1539 1485 1568 terrarum
1519 1546 1629 1569 sumus
1660 1535 1868 1569 universitate
1898 1535 1946 1568 sa—

1208 1586 1301 1626 eturi,
1323 1587 1348 1620 si
1369 1588 1471 1631 (quod
1496 1588 1591 1631 absit)
1616 1594 1725 1622 nostra
1745 1588 1948 1632 fueritprae-

1208 1639 1404 1674 varicatione
1425 1641 1600 1685 deceptus?
1624 1642 1653 1675 Si
1681 1648 1765 1675 totus
1786 1648 1948 1675 correctus

1208 1698 1253 1725 est
1285 1694 1444 1735 mundus,
1479 1695 1613 1738 profana
1644 1695 1776 1728 Patrum
1815 1705 1947 1728 suorum

1207 1746 1377 1780 traditione
1399 1749 1559 1792 despecta,
1577 1750 1742 1793 quomodo
1763 1760 1827 1782 non
1849 1749 1949 1782 corri-

1206 1806 1299 1841 gatur
1325 1802 1420 1835 unius
1445 1802 1581 1835 civitatis
1604 1803 1755 1846 populus,
1775 1803 1800 1835 si
1821 1802 1948 1846 praedi-

1206 1853 1288 1887 catio
1309 1854 1373 1888 sida
1387 1854 1407 1871 ¹⁵
1420 1856 1572 1889 succedat
1584 1856 1599 1888 ⁴?
1616 1856 1710 1898 Ergo,
1727 1855 1867 1898 gloriose
1888 1855 1947 1888 im-

1205 1913 1352 1950 perator,
1373 1909 1449 1941 nolo
1462 1908 1484 1925 ¹⁶
1501 1919 1559 1951 ego
1577 1909 1791 1943 Ecclesiarum
1812 1918 1943 1953 pacem,
1970 1915 2144 1942 IdeocumEutr·

1961 1942 2072 1963 chianistis
2094 1948 2145 1963 nun-

1206 1971 1314 2004 quam,
1344 1961 1469 1995 etiamsi
1500 1973 1572 1995 eum
1600 1962 1663 1994 mei
1690 1962 1855 2005 sanguinis
1879 1962 1943 1995 im·
1960 1969 2144 2022 ffiffldffssdaixm

1205 2014 1323 2057 pendio
1354 2015 1524 2059 provenire
1551 2021 1673 2060 posset,
1702 2016 1880 2060 amplector
1902 2015 1945 2049 ¹⁷?

1206 2114 1294 2139 totam
1305 2113 1393 2146 leyem
1403 2113 1571 2148 servaverit,
1584 2114 1710 2148 offendat
1723 2116 1819 2142 autem
1835 2114 1864 2142 in
1877 2122 1944 2149 uno,

1203 2153 1296 2186 faetus
1316 2156 1356 2180 est
1374 2154 1506 2180 omnium
1520 2161 1594 2181 reus·

1241 2197 1273 2223 10
1292 2196 1364 2224 Ecel.
1385 2205 1441 2231 mx,
1460 2199 1489 2233 1,
1507 2197 1552 2224 ubi
1572 2198 1649 2233 Vulg.
1671 2198 1752 2226 habet
1771 2199 1890 2228 decidet.

1240 2241 1267 2267 11
1292 2241 1375 2268 Codd.
1391 2242 1464 2268 Vatt.
1496 2242 1573 2277 1340,
1590 2242 1660 2269 1344
1676 2243 1804 2273 taxavit:
1822 2243 1856 2270 al.
1879 2243 1942 2270 edit.

1200 2282 1395 2315 praetaxavit.

1240 2321 1271 2348 12
1290 2332 1302 2346 «
1316 2323 1514 2351 Macularetur
1527 2333 1554 2350 υ.
1571 2323 1619 2350 Cit.
1637 2324 1697 2352 cod.
1714 2324 1791 2352 1344.

1239 2361 1270 2388 13
1288 2372 1298 2386 ι
1320 2361 1366 2389 Vel
1384 2363 1458 2389 unde
1473 2373 1499 2391 ».
1518 2363 1557 2389 Id.
1575 2363 1635 2390 cod.

1238 2402 1270 2428 14
1285 2401 1314 2428 ln
1332 2401 1391 2429 cod.
1409 2402 1505 2431 Veron.
1519 2412 1590 2438 pace
1605 2403 1690 2431 deest.

1238 2442 1269 2470 15
1289 2442 1332 2469 ΑΙ.
1355 2450 1415 2469 cum
1435 2443 1493 2470 cod.
1515 2451 1542 2470 n.
1572 2443 1641 2471 1340
1665 2444 1847 2478 praedicatio
1865 2443 1941 2478 fidei.

1200 2481 1292 2509 Melius
1312 2483 1345 2509 ad
1367 2487 1482 2511 context.
1505 2483 1586 2510 videt.
1609 2491 1636 2509 n.
1654 2483 1746 2511 lectio.

1234 2526 1267 2552 16
1283 2527 1321 2554 ΑΙ.
1333 2534 1392 2553 non
1403 2527 1527 2562 neyliyo.
1540 2527 1615 2554 Tunc
1630 2531 1729 2559 autem,
1742 2530 1844 2554 mutata
1854 2527 1940 2555 inter-

1199 2567 1353 2602 punctione,
1366 2567 1510 2604 legendum
1521 2571 1562 2595 est
1572 2576 1691 2603 quam...
1706 2568 1863 2604 amplector
1875 2577 1880 2596 :
1893 2569 1941 2596 sed

1234 2611 1264 2639 17
1282 2610 1322 2638 ΑΙ.
1339 2613 1507 2648 amplectar.
1528 2611 1608 2640 Forte
1627 2611 1735 2641 melius.

1990 206 2042 234 An.
2059 206 2088 234 C,
2103 206 2156 235 493

2001 1011 2023 1033 B.
2036 1012 2092 1032 Petri
2104 1017 2152 1033 eon-

1969 1038 2032 1059 sessio
2050 1038 2077 1059 ab
2097 1044 2151 1060 omni

1969 1066 2067 1091 contagio
2086 1066 2152 1086 vindi-

1968 1091 2043 1113 canda.
