<?xml version="1.0" encoding="UTF-8"?>
<!DOCTYPE html PUBLIC "-//W3C//DTD XHTML 1.0 Transitional//EN"
    "http://www.w3.org/TR/xhtml1/DTD/xhtml1-transitional.dtd">
<html xmlns="http://www.w3.org/1999/xhtml" xml:lang="en" lang="en">
 <head>
  <title>
</title>
<meta http-equiv="Content-Type" content="text/html;charset=utf-8" />
  <meta name='ocr-system' content='tesseract 3.04.00' />
  <meta name='ocr-capabilities' content='ocr_page ocr_carea ocr_par ocr_line ocrx_word'/>
</head>
<body>
  <div class='ocr_page' id='page_1' title='image "./bullarumdiplomat00cath_0534.png"; bbox 0 0 2244 3183; ppageno 0'>
   <div class='ocr_carea' id='block_1_1' title="bbox 198 207 366 236">
    <p class='ocr_par' dir='ltr' id='par_1_1' title="bbox 198 207 366 236">
     <span class='ocr_line' id='line_1_1' title="bbox 198 207 366 236; baseline 0.006 -1"><span class='ocrx_word' id='word_1_1' title='bbox 198 208 250 235; x_wconf 78' lang='lat' dir='ltr'>An.</span> <span class='ocrx_word' id='word_1_2' title='bbox 268 207 296 235; x_wconf 88' lang='lat' dir='ltr'>C.</span> <span class='ocrx_word' id='word_1_3' title='bbox 313 207 366 236; x_wconf 89' lang='grc'>535</span> 
     </span>
    </p>
   </div>
   <div class='ocr_carea' id='block_1_2' title="bbox 196 323 381 503">
    <p class='ocr_par' dir='ltr' id='par_1_2' title="bbox 196 323 381 503">
     <span class='ocr_line' id='line_1_2' title="bbox 224 323 380 344; baseline 0 0"><span class='ocrx_word' id='word_1_4' title='bbox 224 324 307 344; x_wconf 83' lang='lat' dir='ltr'>iuterim</span> <span class='ocrx_word' id='word_1_5' title='bbox 324 323 380 344; x_wconf 71' lang='lat' dir='ltr'>Petri</span> 
     </span>
     <span class='ocr_line' id='line_1_3' title="bbox 197 351 381 376; baseline 0 -6"><span class='ocrx_word' id='word_1_6' title='bbox 197 351 352 376; x_wconf 67' lang='lat' dir='ltr'>hierosolymit.</span> <span class='ocrx_word' id='word_1_7' title='bbox 361 352 381 370; x_wconf 80' lang='lat' dir='ltr'>et</span> 
     </span>
     <span class='ocr_line' id='line_1_4' title="bbox 196 377 380 397; baseline -0.005 0"><span class='ocrx_word' id='word_1_8' title='bbox 196 379 330 397; x_wconf 62' lang='lat' dir='ltr'>caut-*rorum</span> <span class='ocrx_word' id='word_1_9' title='bbox 353 377 380 396; x_wconf 83' lang='lat' dir='ltr'>si-</span> 
     </span>
     <span class='ocr_line' id='line_1_5' title="bbox 198 403 381 424; baseline -0.005 -1"><span class='ocrx_word' id='word_1_10' title='bbox 198 404 283 424; x_wconf 79' lang='lat' dir='ltr'>lentium</span> <span class='ocrx_word' id='word_1_11' title='bbox 299 403 324 423; x_wconf 78' lang='lat' dir='ltr'>de</span> <span class='ocrx_word' id='word_1_12' title='bbox 340 403 381 423; x_wconf 78' lang='lat' dir='ltr'>bac</span> 
     </span>
     <span class='ocr_line' id='line_1_6' title="bbox 197 435 381 450; baseline 0 -1"><span class='ocrx_word' id='word_1_13' title='bbox 197 436 220 450; x_wconf 74' lang='grc' dir='ltr'>ΓΒ</span> <span class='ocrx_word' id='word_1_14' title='bbox 247 435 381 450; x_wconf 64' lang='grc' dir='ltr'>[ὉΙΙΞΕΜΠΙΠ-</span> 
     </span>
     <span class='ocr_line' id='line_1_7' title="bbox 213 456 381 482; baseline 0 -6"><span class='ocrx_word' id='word_1_15' title='bbox 213 462 238 476; x_wconf 76' lang='lat' dir='ltr'>ue</span> <span class='ocrx_word' id='word_1_16' title='bbox 267 456 381 482; x_wconf 76' lang='lat' dir='ltr'>reprehen-</span> 
     </span>
     <span class='ocr_line' id='line_1_8' title="bbox 214 483 235 503; baseline 0 -1"><span class='ocrx_word' id='word_1_17' title='bbox 214 483 235 503; x_wconf 85' lang='lat' dir='ltr'>it.</span> 
     </span>
    </p>
   </div>
   <div class='ocr_carea' id='block_1_3' title="bbox 197 800 380 905">
    <p class='ocr_par' dir='ltr' id='par_1_3' title="bbox 197 800 380 905">
     <span class='ocr_line' id='line_1_9' title="bbox 232 800 380 821; baseline -0.007 0"><span class='ocrx_word' id='word_1_18' title='bbox 232 800 331 821; x_wconf 75' lang='lat' dir='ltr'>Mennam</span> <span class='ocrx_word' id='word_1_19' title='bbox 340 801 380 820; x_wconf 74' lang='lat' dir='ltr'>An—</span> 
     </span>
     <span class='ocr_line' id='line_1_10' title="bbox 197 828 380 852; baseline 0 -5"><span class='ocrx_word' id='word_1_20' title='bbox 197 828 262 848; x_wconf 75' lang='lat' dir='ltr'>tbinw</span> <span class='ocrx_word' id='word_1_21' title='bbox 273 828 380 852; x_wconf 63' lang='lat' dir='ltr'>subroga-</span> 
     </span>
     <span class='ocr_line' id='line_1_11' title="bbox 197 853 380 880; baseline 0 -6"><span class='ocrx_word' id='word_1_22' title='bbox 197 857 238 874; x_wconf 83' lang='lat' dir='ltr'>ttun</span> <span class='ocrx_word' id='word_1_23' title='bbox 248 854 310 875; x_wconf 79' lang='lat' dir='ltr'>tuisse</span> <span class='ocrx_word' id='word_1_24' title='bbox 317 853 380 880; x_wconf 72' lang='lat' dir='ltr'>signi-</span> 
     </span>
     <span class='ocr_line' id='line_1_12' title="bbox 198 881 253 905; baseline -0.018 -4"><span class='ocrx_word' id='word_1_25' title='bbox 198 881 253 905; x_wconf 77' lang='lat' dir='ltr'>licat,</span> 
     </span>
    </p>
   </div>
   <div class='ocr_carea' id='block_1_4' title="bbox 198 1226 382 1275">
    <p class='ocr_par' dir='ltr' id='par_1_4' title="bbox 198 1226 382 1275">
     <span class='ocr_line' id='line_1_13' title="bbox 225 1226 382 1247; baseline 0.006 -1"><span class='ocrx_word' id='word_1_26' title='bbox 225 1226 288 1247; x_wconf 79' lang='lat' dir='ltr'>Cuius</span> <span class='ocrx_word' id='word_1_27' title='bbox 308 1226 382 1247; x_wconf 80' lang='lat' dir='ltr'>laudes</span> 
     </span>
     <span class='ocr_line' id='line_1_14' title="bbox 198 1256 290 1275; baseline 0 -1"><span class='ocrx_word' id='word_1_28' title='bbox 198 1256 290 1275; x_wconf 73' lang='lat' dir='ltr'>enarrat.</span> 
     </span>
    </p>
   </div>
   <div class='ocr_carea' id='block_1_5' title="bbox 396 199 1141 1533">
    <p class='ocr_par' dir='ltr' id='par_1_5' title="bbox 396 199 1141 1533">
     <span class='ocr_line' id='line_1_15' title="bbox 431 199 495 233; baseline 0.031 -2"><span class='ocrx_word' id='word_1_29' title='bbox 431 199 495 233; x_wconf 80' lang='lat'>518</span> 
     </span>
     <span class='ocr_line' id='line_1_16' title="bbox 398 257 1138 302; baseline -0.001 -11"><span class='ocrx_word' id='word_1_30' title='bbox 398 258 548 291; x_wconf 83' lang='lat' dir='ltr'>admirati</span> <span class='ocrx_word' id='word_1_31' title='bbox 574 268 706 298; x_wconf 85' lang='lat' dir='ltr'>sumus,</span> <span class='ocrx_word' id='word_1_32' title='bbox 742 257 828 301; x_wconf 81' lang='lat' dir='ltr'>quod</span> <span class='ocrx_word' id='word_1_33' title='bbox 856 257 939 291; x_wconf 89' lang='lat' dir='ltr'>istud</span> <span class='ocrx_word' id='word_1_34' title='bbox 964 267 1063 302; x_wconf 87' lang='lat' dir='ltr'>opus,</span> <span class='ocrx_word' id='word_1_35' title='bbox 1096 257 1138 290; x_wconf 85' lang='lat' dir='ltr'>ita</span> 
     </span>
     <span class='ocr_line' id='line_1_17' title="bbox 396 311 1138 356; baseline 0 -12"><span class='ocrx_word' id='word_1_36' title='bbox 396 317 506 356; x_wconf 87' lang='lat' dir='ltr'>aperte</span> <span class='ocrx_word' id='word_1_37' title='bbox 520 311 716 345; x_wconf 80' lang='lat' dir='ltr'>contrarium</span> <span class='ocrx_word' id='word_1_38' title='bbox 733 311 869 343; x_wconf 73' lang='lat' dir='ltr'>decretis</span> <span class='ocrx_word' id='word_1_39' title='bbox 877 311 1021 351; x_wconf 82' lang='lat' dir='ltr'>Patrum,</span> <span class='ocrx_word' id='word_1_40' title='bbox 1034 316 1138 344; x_wconf 84' lang='lat' dir='ltr'>vestra</span> 
     </span>
     <span class='ocr_line' id='line_1_18' title="bbox 397 364 1136 398; baseline -0.001 0"><span class='ocrx_word' id='word_1_41' title='bbox 397 365 579 398; x_wconf 66' lang='lat' dir='ltr'>fraternitas</span> <span class='ocrx_word' id='word_1_42' title='bbox 607 374 671 397; x_wconf 91' lang='lat' dir='ltr'>non</span> <span class='ocrx_word' id='word_1_43' title='bbox 704 365 808 397; x_wconf 85' lang='lat' dir='ltr'>solum</span> <span class='ocrx_word' id='word_1_44' title='bbox 834 365 873 397; x_wconf 84' lang='lat' dir='ltr'>ad</span> <span class='ocrx_word' id='word_1_45' title='bbox 903 364 1050 397; x_wconf 87' lang='lat' dir='ltr'>notitiam</span> <span class='ocrx_word' id='word_1_46' title='bbox 1078 375 1136 397; x_wconf 90' lang='lat' dir='ltr'>no-</span> 
     </span>
     <span class='ocr_line' id='line_1_19' title="bbox 396 417 1137 462; baseline 0 -12"><span class='ocrx_word' id='word_1_47' title='bbox 396 424 492 450; x_wconf 77' lang='lat' dir='ltr'>stram</span> <span class='ocrx_word' id='word_1_48' title='bbox 509 418 671 451; x_wconf 73' lang='lat' dir='ltr'>adducere</span> <span class='ocrx_word' id='word_1_49' title='bbox 687 418 837 460; x_wconf 73' lang='lat' dir='ltr'><strong>neglexit,</strong></span> <span class='ocrx_word' id='word_1_50' title='bbox 853 418 907 450; x_wconf 88' lang='lat' dir='ltr'>sed</span> <span class='ocrx_word' id='word_1_51' title='bbox 920 423 949 450; x_wconf 89' lang='lat' dir='ltr'>et</span> <span class='ocrx_word' id='word_1_52' title='bbox 962 417 1137 462; x_wconf 84' lang='lat' dir='ltr'>repreben-</span> 
     </span>
     <span class='ocr_line' id='line_1_20' title="bbox 396 470 1135 514; baseline 0.001 -11"><span class='ocrx_word' id='word_1_53' title='bbox 396 472 478 504; x_wconf 78' lang='lat' dir='ltr'>sibili</span> <span class='ocrx_word' id='word_1_54' title='bbox 500 482 658 505; x_wconf 86' lang='lat' dir='ltr'>consensu</span> <span class='ocrx_word' id='word_1_55' title='bbox 678 470 913 504; x_wconf 74' lang='lat' dir='ltr'>confirmavit&#39;.</span> <span class='ocrx_word' id='word_1_56' title='bbox 938 471 998 504; x_wconf 76' lang='lat' dir='ltr'>Sed</span> <span class='ocrx_word' id='word_1_57' title='bbox 1025 482 1135 514; x_wconf 79' lang='lat' dir='ltr'>regra-</span> 
     </span>
     <span class='ocr_line' id='line_1_21' title="bbox 398 524 1136 569; baseline 0.001 -13"><span class='ocrx_word' id='word_1_58' title='bbox 398 524 536 557; x_wconf 75' lang='lat' dir='ltr'>tiamur²</span> <span class='ocrx_word' id='word_1_59' title='bbox 555 525 630 565; x_wconf 85' lang='lat' dir='ltr'>Deo,</span> <span class='ocrx_word' id='word_1_60' title='bbox 656 525 746 558; x_wconf 88' lang='lat' dir='ltr'>cuius</span> <span class='ocrx_word' id='word_1_61' title='bbox 766 525 882 569; x_wconf 85' lang='lat' dir='ltr'>spiritu</span> <span class='ocrx_word' id='word_1_62' title='bbox 903 525 988 558; x_wconf 79' lang='lat' dir='ltr'>mala</span> <span class='ocrx_word' id='word_1_63' title='bbox 1009 525 1048 558; x_wconf 88' lang='lat' dir='ltr'>ad</span> <span class='ocrx_word' id='word_1_64' title='bbox 1070 536 1136 558; x_wconf 86' lang='lat' dir='ltr'>mc-</span> 
     </span>
     <span class='ocr_line' id='line_1_22' title="bbox 396 578 1135 622; baseline 0.001 -12"><span class='ocrx_word' id='word_1_65' title='bbox 396 578 457 611; x_wconf 91' lang='lat' dir='ltr'>lius</span> <span class='ocrx_word' id='word_1_66' title='bbox 481 583 516 611; x_wconf 89' lang='lat' dir='ltr'>ut</span> <span class='ocrx_word' id='word_1_67' title='bbox 540 578 718 622; x_wconf 86' lang='lat' dir='ltr'>plurimum</span> <span class='ocrx_word' id='word_1_68' title='bbox 746 583 929 619; x_wconf 81' lang='lat' dir='ltr'>vertuntur,</span> <span class='ocrx_word' id='word_1_69' title='bbox 958 583 989 611; x_wconf 80' lang='lat' dir='ltr'>et</span> <span class='ocrx_word' id='word_1_70' title='bbox 1019 588 1135 622; x_wconf 77' lang='lat' dir='ltr'>parvae</span> 
     </span>
     <span class='ocr_line' id='line_1_23' title="bbox 397 631 1135 674; baseline 0 -11"><span class='ocrx_word' id='word_1_71' title='bbox 397 631 668 674; x_wconf 66' lang='lat' dir='ltr'>transgressiones</span> <span class='ocrx_word' id='word_1_72' title='bbox 688 632 728 664; x_wconf 84' lang='lat' dir='ltr'>ad</span> <span class='ocrx_word' id='word_1_73' title='bbox 749 631 921 664; x_wconf 70' lang='lat' dir='ltr'>utilitatem</span> <span class='ocrx_word' id='word_1_74' title='bbox 940 637 971 664; x_wconf 81' lang='lat' dir='ltr'>et</span> <span class='ocrx_word' id='word_1_75' title='bbox 991 631 1135 665; x_wconf 77' lang='lat' dir='ltr'>occasio-</span> 
     </span>
     <span class='ocr_line' id='line_1_24' title="bbox 396 685 1134 728; baseline 0 -11"><span class='ocrx_word' id='word_1_76' title='bbox 396 695 468 717; x_wconf 87' lang='lat' dir='ltr'>nem</span> <span class='ocrx_word' id='word_1_77' title='bbox 496 685 603 728; x_wconf 81' lang='lat' dir='ltr'>magni</span> <span class='ocrx_word' id='word_1_78' title='bbox 625 685 767 719; x_wconf 79' lang='lat' dir='ltr'>fuerint²³</span> <span class='ocrx_word' id='word_1_79' title='bbox 787 685 907 727; x_wconf 78' lang='lat' dir='ltr'>gaudii.</span> <span class='ocrx_word' id='word_1_80' title='bbox 936 685 1003 719; x_wconf 88' lang='lat' dir='ltr'>Hoc</span> <span class='ocrx_word' id='word_1_81' title='bbox 1028 691 1134 718; x_wconf 76' lang='lat' dir='ltr'>autern</span> 
     </span>
     <span class='ocr_line' id='line_1_25' title="bbox 396 738 1138 783; baseline 0.001 -12"><span class='ocrx_word' id='word_1_82' title='bbox 396 749 455 782; x_wconf 86' lang='lat' dir='ltr'>pro</span> <span class='ocrx_word' id='word_1_83' title='bbox 476 739 642 771; x_wconf 77' lang='lat' dir='ltr'>excitanda</span> <span class='ocrx_word' id='word_1_84' title='bbox 655 738 664 755; x_wconf 71' lang='lat'>&#39;⁴</span> <span class='ocrx_word' id='word_1_85' title='bbox 682 745 803 772; x_wconf 78' lang='lat' dir='ltr'>vestrae</span> <span class='ocrx_word' id='word_1_86' title='bbox 818 738 1138 783; x_wconf 78' lang='lat' dir='ltr'>conspiritualitatis5</span> 
     </span>
     <span class='ocr_line' id='line_1_26' title="bbox 396 792 1136 837; baseline 0.003 -13"><span class='ocrx_word' id='word_1_87' title='bbox 396 792 517 825; x_wconf 84' lang='lat' dir='ltr'>laetitia</span> <span class='ocrx_word' id='word_1_88' title='bbox 541 792 700 835; x_wconf 77' lang='lat' dir='ltr'>significo,</span> <span class='ocrx_word' id='word_1_89' title='bbox 724 794 811 837; x_wconf 90' lang='lat' dir='ltr'>quod</span> <span class='ocrx_word' id='word_1_90' title='bbox 832 793 977 826; x_wconf 75' lang='lat' dir='ltr'>Merulam</span> <span class='ocrx_word' id='word_1_91' title='bbox 1006 794 1136 827; x_wconf 84' lang='lat' dir='ltr'>fratrem</span> 
     </span>
     <span class='ocr_line' id='line_1_27' title="bbox 396 845 1138 890; baseline 0.003 -12"><span class='ocrx_word' id='word_1_92' title='bbox 396 851 426 878; x_wconf 86' lang='lat' dir='ltr'>et</span> <span class='ocrx_word' id='word_1_93' title='bbox 451 845 680 890; x_wconf 80' lang='lat' dir='ltr'>coepiscopum</span> <span class='ocrx_word' id='word_1_94' title='bbox 706 852 854 879; x_wconf 89' lang='lat' dir='ltr'>nostrum</span> <span class='ocrx_word' id='word_1_95' title='bbox 869 874 876 888; x_wconf 92' lang='lat'>,</span> <span class='ocrx_word' id='word_1_96' title='bbox 899 847 1005 880; x_wconf 83' lang='lat' dir='ltr'>virum</span> <span class='ocrx_word' id='word_1_97' title='bbox 1028 847 1138 880; x_wconf 91' lang='lat' dir='ltr'>multis</span> 
     </span>
     <span class='ocr_line' id='line_1_28' title="bbox 397 900 1139 945; baseline 0.003 -13"><span class='ocrx_word' id='word_1_98' title='bbox 397 900 529 933; x_wconf 81' lang='lat' dir='ltr'>laudum</span> <span class='ocrx_word' id='word_1_99' title='bbox 551 900 656 933; x_wconf 89' lang='lat' dir='ltr'>modis</span> <span class='ocrx_word' id='word_1_100' title='bbox 676 906 839 941; x_wconf 86' lang='lat' dir='ltr'>ornatum,</span> <span class='ocrx_word' id='word_1_101' title='bbox 867 901 1034 945; x_wconf 85' lang='lat' dir='ltr'>praedicta</span> <span class='ocrx_word' id='word_1_102' title='bbox 1058 901 1139 936; x_wconf 89' lang='lat' dir='ltr'>Con-</span> 
     </span>
     <span class='ocr_line' id='line_1_29' title="bbox 396 954 1135 1000; baseline 0.003 -14"><span class='ocrx_word' id='word_1_103' title='bbox 396 954 683 998; x_wconf 84' lang='lat' dir='ltr'>stantinopolitana</span> <span class='ocrx_word' id='word_1_104' title='bbox 703 954 845 988; x_wconf 80' lang='lat' dir='ltr'>Ecclesia</span> <span class='ocrx_word' id='word_1_105' title='bbox 866 955 1053 1000; x_wconf 78' lang='lat' dir='ltr'>episcopum</span> <span class='ocrx_word' id='word_1_106' title='bbox 1079 967 1135 989; x_wconf 88' lang='lat' dir='ltr'>su-</span> 
     </span>
     <span class='ocr_line' id='line_1_30' title="bbox 396 1007 1136 1052; baseline 0.003 -12"><span class='ocrx_word' id='word_1_107' title='bbox 396 1007 514 1051; x_wconf 85' lang='lat' dir='ltr'>scepit:</span> <span class='ocrx_word' id='word_1_108' title='bbox 540 1007 591 1040; x_wconf 92' lang='lat' dir='ltr'>cui</span> <span class='ocrx_word' id='word_1_109' title='bbox 610 1007 687 1041; x_wconf 88' lang='lat' dir='ltr'>licet</span> <span class='ocrx_word' id='word_1_110' title='bbox 703 1014 832 1052; x_wconf 84' lang='lat' dir='ltr'>praeter</span> <span class='ocrx_word' id='word_1_111' title='bbox 852 1014 977 1042; x_wconf 84' lang='lat' dir='ltr'>ceteros</span> <span class='ocrx_word' id='word_1_112' title='bbox 994 1009 1136 1043; x_wconf 88' lang='lat' dir='ltr'>serenis-</span> 
     </span>
     <span class='ocr_line' id='line_1_31' title="bbox 397 1061 1136 1104; baseline 0.003 -11"><span class='ocrx_word' id='word_1_113' title='bbox 397 1061 553 1094; x_wconf 75' lang='lat' dir='ltr'>simorum</span> <span class='ocrx_word' id='word_1_114' title='bbox 580 1061 813 1104; x_wconf 85' lang='lat' dir='ltr'>imperatorum</span> <span class='ocrx_word' id='word_1_115' title='bbox 840 1062 955 1095; x_wconf 86' lang='lat' dir='ltr'>electio</span> <span class='ocrx_word' id='word_1_116' title='bbox 980 1062 1136 1103; x_wconf 83' lang='lat' dir='ltr'>arriserit,</span> 
     </span>
     <span class='ocr_line' id='line_1_32' title="bbox 397 1114 1139 1160; baseline 0 -13"><span class='ocrx_word' id='word_1_117' title='bbox 397 1114 546 1148; x_wconf 86' lang='lat' dir='ltr'>similiter</span> <span class='ocrx_word' id='word_1_118' title='bbox 565 1115 693 1147; x_wconf 78' lang='lat' dir='ltr'>tamen⁵</span> <span class='ocrx_word' id='word_1_119' title='bbox 711 1120 742 1148; x_wconf 88' lang='lat' dir='ltr'>et</span> <span class='ocrx_word' id='word_1_120' title='bbox 763 1114 860 1148; x_wconf 88' lang='lat' dir='ltr'>totius</span> <span class='ocrx_word' id='word_1_121' title='bbox 877 1115 955 1148; x_wconf 89' lang='lat' dir='ltr'>cleri</span> <span class='ocrx_word' id='word_1_122' title='bbox 974 1126 1010 1149; x_wconf 90' lang='lat' dir='ltr'>ac</span> <span class='ocrx_word' id='word_1_123' title='bbox 1026 1115 1139 1160; x_wconf 90' lang='lat' dir='ltr'>populi</span> 
     </span>
     <span class='ocr_line' id='line_1_33' title="bbox 398 1168 1139 1211; baseline 0.001 -11"><span class='ocrx_word' id='word_1_124' title='bbox 398 1178 574 1201; x_wconf 85' lang='lat' dir='ltr'>consensus</span> <span class='ocrx_word' id='word_1_125' title='bbox 599 1168 750 1208; x_wconf 88' lang='lat' dir='ltr'>accessit,</span> <span class='ocrx_word' id='word_1_126' title='bbox 778 1168 834 1201; x_wconf 91' lang='lat' dir='ltr'>ut⁷</span> <span class='ocrx_word' id='word_1_127' title='bbox 858 1179 875 1201; x_wconf 84' lang='lat' dir='ltr'>a</span> <span class='ocrx_word' id='word_1_128' title='bbox 902 1168 1037 1211; x_wconf 76' lang='lat' dir='ltr'>singulis</span> <span class='ocrx_word' id='word_1_129' title='bbox 1065 1169 1139 1211; x_wconf 77' lang='lat' dir='ltr'>eligi</span> 
     </span>
     <span class='ocr_line' id='line_1_34' title="bbox 398 1221 1137 1266; baseline 0.001 -12"><span class='ocrx_word' id='word_1_130' title='bbox 398 1221 596 1254; x_wconf 78' lang='lat' dir='ltr'>crederetur.</span> <span class='ocrx_word' id='word_1_131' title='bbox 613 1221 739 1254; x_wconf 86' lang='lat' dir='ltr'>Etenim</span> <span class='ocrx_word' id='word_1_132' title='bbox 758 1221 853 1254; x_wconf 85' lang='lat' dir='ltr'>alicui</span> <span class='ocrx_word' id='word_1_133' title='bbox 872 1232 979 1266; x_wconf 87' lang='lat' dir='ltr'>neque</span> <span class='ocrx_word' id='word_1_134' title='bbox 992 1222 1137 1263; x_wconf 86' lang='lat' dir='ltr'>scientia,</span> 
     </span>
     <span class='ocr_line' id='line_1_35' title="bbox 397 1275 1140 1319; baseline 0.001 -11"><span class='ocrx_word' id='word_1_135' title='bbox 397 1284 502 1319; x_wconf 85' lang='lat' dir='ltr'>neque</span> <span class='ocrx_word' id='word_1_136' title='bbox 522 1275 586 1308; x_wconf 79' lang='lat' dir='ltr'>vita</span> <span class='ocrx_word' id='word_1_137' title='bbox 598 1275 656 1308; x_wconf 87' lang='lat' dir='ltr'>suit</span> <span class='ocrx_word' id='word_1_138' title='bbox 677 1275 815 1318; x_wconf 79' lang='lat' dir='ltr'>ignotus,</span> <span class='ocrx_word' id='word_1_139' title='bbox 831 1276 887 1308; x_wconf 90' lang='lat' dir='ltr'>sed</span> <span class='ocrx_word' id='word_1_140' title='bbox 905 1281 936 1309; x_wconf 89' lang='lat' dir='ltr'>et</span> <span class='ocrx_word' id='word_1_141' title='bbox 956 1275 1033 1309; x_wconf 85' lang='lat' dir='ltr'>fidei</span> <span class='ocrx_word' id='word_1_142' title='bbox 1058 1275 1140 1309; x_wconf 90' lang='lat' dir='ltr'>inte-</span> 
     </span>
     <span class='ocr_line' id='line_1_36' title="bbox 396 1328 1137 1372; baseline 0.001 -11"><span class='ocrx_word' id='word_1_143' title='bbox 396 1328 522 1370; x_wconf 80' lang='lat' dir='ltr'>gritate,</span> <span class='ocrx_word' id='word_1_144' title='bbox 539 1333 570 1361; x_wconf 89' lang='lat' dir='ltr'>et</span> <span class='ocrx_word' id='word_1_145' title='bbox 586 1338 750 1361; x_wconf 85' lang='lat' dir='ltr'>sacrarum</span> <span class='ocrx_word' id='word_1_146' title='bbox 769 1328 1004 1372; x_wconf 87' lang='lat' dir='ltr'>scripturarum</span> <span class='ocrx_word' id='word_1_147' title='bbox 1020 1329 1137 1370; x_wconf 87' lang='lat' dir='ltr'>studio,</span> 
     </span>
     <span class='ocr_line' id='line_1_37' title="bbox 397 1381 1140 1425; baseline 0.001 -11"><span class='ocrx_word' id='word_1_148' title='bbox 397 1387 495 1425; x_wconf 86' lang='lat' dir='ltr'>atque</span> <span class='ocrx_word' id='word_1_149' title='bbox 513 1382 609 1414; x_wconf 90' lang='lat' dir='ltr'>etiam</span> <span class='ocrx_word' id='word_1_150' title='bbox 631 1381 704 1425; x_wconf 84' lang='lat' dir='ltr'>piae</span> <span class='ocrx_word' id='word_1_151' title='bbox 724 1381 1015 1415; x_wconf 82' lang='lat' dir='ltr'>administrationis</span> <span class='ocrx_word' id='word_1_152' title='bbox 1033 1381 1140 1415; x_wconf 84' lang='lat' dir='ltr'>officio</span> 
     </span>
     <span class='ocr_line' id='line_1_38' title="bbox 397 1435 1141 1480; baseline 0.001 -12"><span class='ocrx_word' id='word_1_153' title='bbox 397 1435 443 1468; x_wconf 84' lang='lat' dir='ltr'>sie</span> <span class='ocrx_word' id='word_1_154' title='bbox 460 1435 644 1479; x_wconf 77' lang='lat' dir='ltr'>praedicta⁸</span> <span class='ocrx_word' id='word_1_155' title='bbox 664 1435 721 1468; x_wconf 88' lang='lat' dir='ltr'>viri</span> <span class='ocrx_word' id='word_1_156' title='bbox 740 1435 851 1480; x_wconf 90' lang='lat' dir='ltr'>opinio</span> <span class='ocrx_word' id='word_1_157' title='bbox 869 1436 1082 1480; x_wconf 82' lang='lat' dir='ltr'>resplenduit,</span> <span class='ocrx_word' id='word_1_158' title='bbox 1106 1442 1141 1470; x_wconf 94' lang='lat' dir='ltr'>ut</span> 
     </span>
     <span class='ocr_line' id='line_1_39' title="bbox 398 1488 1141 1533; baseline 0.003 -12"><span class='ocrx_word' id='word_1_159' title='bbox 398 1488 458 1532; x_wconf 89' lang='lat' dir='ltr'>ipsi</span> <span class='ocrx_word' id='word_1_160' title='bbox 477 1488 599 1522; x_wconf 83' lang='lat' dir='ltr'>tardius</span> <span class='ocrx_word' id='word_1_161' title='bbox 609 1489 738 1522; x_wconf 84' lang='lat' dir='ltr'>venire⁹</span> <span class='ocrx_word' id='word_1_162' title='bbox 753 1489 925 1531; x_wconf 87' lang='lat' dir='ltr'>videretur,</span> <span class='ocrx_word' id='word_1_163' title='bbox 942 1500 1006 1533; x_wconf 92' lang='lat' dir='ltr'>quo</span> <span class='ocrx_word' id='word_1_164' title='bbox 1024 1489 1141 1533; x_wconf 78' lang='lat' dir='ltr'>dignus</span> 
     </span>
    </p>
   </div>
   <div class='ocr_carea' id='block_1_6' title="bbox 399 1594 1142 1711">
    <p class='ocr_par' dir='ltr' id='par_1_6' title="bbox 399 1594 1142 1711">
     <span class='ocr_line' id='line_1_40' title="bbox 435 1594 1141 1632; baseline 0.001 -10"><span class='ocrx_word' id='word_1_165' title='bbox 435 1596 447 1622; x_wconf 88' lang='lat'>1</span> <span class='ocrx_word' id='word_1_166' title='bbox 480 1594 548 1622; x_wconf 86' lang='lat' dir='ltr'>Sane</span> <span class='ocrx_word' id='word_1_167' title='bbox 576 1598 668 1622; x_wconf 86' lang='lat' dir='ltr'>notatu</span> <span class='ocrx_word' id='word_1_168' title='bbox 698 1595 811 1629; x_wconf 81' lang='lat' dir='ltr'>dignum</span> <span class='ocrx_word' id='word_1_169' title='bbox 841 1599 942 1632; x_wconf 86' lang='lat' dir='ltr'>quanto</span> <span class='ocrx_word' id='word_1_170' title='bbox 971 1596 1141 1632; x_wconf 81' lang='lat' dir='ltr'>Apostolicae</span> 
     </span>
     <span class='ocr_line' id='line_1_41' title="bbox 399 1635 1142 1672; baseline 0.003 -10"><span class='ocrx_word' id='word_1_171' title='bbox 399 1635 567 1662; x_wconf 82' lang='lat' dir='ltr'>auctoritatis</span> <span class='ocrx_word' id='word_1_172' title='bbox 583 1635 681 1663; x_wconf 84' lang='lat' dir='ltr'>robore</span> <span class='ocrx_word' id='word_1_173' title='bbox 697 1636 848 1664; x_wconf 85' lang='lat' dir='ltr'>Orientales</span> <span class='ocrx_word' id='word_1_174' title='bbox 863 1637 1004 1672; x_wconf 86' lang='lat' dir='ltr'>episcopos</span> <span class='ocrx_word' id='word_1_175' title='bbox 1020 1637 1142 1664; x_wconf 85' lang='lat' dir='ltr'>Pontifex</span> 
     </span>
     <span class='ocr_line' id='line_1_42' title="bbox 399 1676 555 1711; baseline -0.006 -8"><span class='ocrx_word' id='word_1_176' title='bbox 399 1676 555 1711; x_wconf 85' lang='lat' dir='ltr'>alloquitur.</span> 
     </span>
    </p>
   </div>
   <div class='ocr_carea' id='block_1_7' title="bbox 400 1720 1148 2649">
    <p class='ocr_par' dir='ltr' id='par_1_7' title="bbox 434 1720 1103 1757">
     <span class='ocr_line' id='line_1_43' title="bbox 434 1720 1103 1757; baseline 0.001 -10"><span class='ocrx_word' id='word_1_177' title='bbox 434 1720 451 1747; x_wconf 79' lang='lat'><strong>2</strong></span> <span class='ocrx_word' id='word_1_178' title='bbox 466 1720 563 1748; x_wconf 84' lang='lat' dir='ltr'>Baron.</span> <span class='ocrx_word' id='word_1_179' title='bbox 581 1729 641 1748; x_wconf 90' lang='lat' dir='ltr'>cum</span> <span class='ocrx_word' id='word_1_180' title='bbox 657 1721 734 1748; x_wconf 89' lang='lat' dir='ltr'>Cont.</span> <span class='ocrx_word' id='word_1_181' title='bbox 746 1721 835 1749; x_wconf 89' lang='lat' dir='ltr'>Const.</span> <span class='ocrx_word' id='word_1_182' title='bbox 852 1722 966 1757; x_wconf 70' lang='lat' dir='ltr'>qratias</span> <span class='ocrx_word' id='word_1_183' title='bbox 981 1722 1103 1757; x_wconf 68' lang='lat' dir='ltr'>aqimus.</span> 
     </span>
    </p>

    <p class='ocr_par' dir='ltr' id='par_1_8' title="bbox 434 1764 1019 1801">
     <span class='ocr_line' id='line_1_44' title="bbox 434 1764 1019 1801; baseline 0.002 -9"><span class='ocrx_word' id='word_1_184' title='bbox 434 1764 451 1792; x_wconf 90' lang='lat'><strong>3</strong></span> <span class='ocrx_word' id='word_1_185' title='bbox 471 1765 516 1792; x_wconf 92' lang='lat' dir='ltr'>Gr.</span> <span class='ocrx_word' id='word_1_186' title='bbox 532 1768 633 1797; x_wconf 67' lang='grc' dir='ltr'>γίνονται</span> <span class='ocrx_word' id='word_1_187' title='bbox 649 1765 676 1793; x_wconf 87' lang='lat' dir='ltr'>b.</span> <span class='ocrx_word' id='word_1_188' title='bbox 694 1774 718 1793; x_wconf 88' lang='lat' dir='ltr'>e.</span> <span class='ocrx_word' id='word_1_189' title='bbox 734 1766 810 1801; x_wconf 76' lang='lat' dir='ltr'>fiunt</span> <span class='ocrx_word' id='word_1_190' title='bbox 826 1767 868 1794; x_wconf 91' lang='lat' dir='ltr'>vel</span> <span class='ocrx_word' id='word_1_191' title='bbox 883 1767 1019 1795; x_wconf 70' lang='lat' dir='ltr'>evadunt.</span> 
     </span>
    </p>

    <p class='ocr_par' dir='ltr' id='par_1_9' title="bbox 400 1810 1142 1883">
     <span class='ocr_line' id='line_1_45' title="bbox 435 1810 1142 1846; baseline 0.003 -9"><span class='ocrx_word' id='word_1_192' title='bbox 435 1810 450 1837; x_wconf 68' lang='lat'>4</span> <span class='ocrx_word' id='word_1_193' title='bbox 465 1810 555 1838; x_wconf 84' lang='lat' dir='ltr'>Caras.</span> <span class='ocrx_word' id='word_1_194' title='bbox 572 1819 633 1838; x_wconf 83' lang='lat' dir='ltr'>cum</span> <span class='ocrx_word' id='word_1_195' title='bbox 649 1811 749 1839; x_wconf 84' lang='lat' dir='ltr'>Baron.</span> <span class='ocrx_word' id='word_1_196' title='bbox 765 1812 917 1840; x_wconf 73' lang='lat' dir='ltr'>excitando</span> <span class='ocrx_word' id='word_1_197' title='bbox 924 1821 935 1846; x_wconf 90' lang='lat'><em>;</em></span> <span class='ocrx_word' id='word_1_198' title='bbox 956 1815 983 1839; x_wconf 86' lang='lat' dir='ltr'>et</span> <span class='ocrx_word' id='word_1_199' title='bbox 1002 1819 1062 1839; x_wconf 87' lang='lat' dir='ltr'>mox</span> <span class='ocrx_word' id='word_1_200' title='bbox 1082 1813 1142 1841; x_wconf 81' lang='lat' dir='ltr'>lae-</span> 
     </span>
     <span class='ocr_line' id='line_1_46' title="bbox 400 1855 508 1883; baseline -0.009 0"><span class='ocrx_word' id='word_1_201' title='bbox 400 1855 508 1883; x_wconf 75' lang='lat' dir='ltr'>titiam.</span> 
     </span>
    </p>

    <p class='ocr_par' dir='ltr' id='par_1_10' title="bbox 400 1899 1141 1976">
     <span class='ocr_line' id='line_1_47' title="bbox 434 1899 1141 1935; baseline 0.003 -9"><span class='ocrx_word' id='word_1_202' title='bbox 434 1900 451 1926; x_wconf 94' lang='lat'>5</span> <span class='ocrx_word' id='word_1_203' title='bbox 466 1899 532 1935; x_wconf 72' lang='lat' dir='ltr'>lleg.</span> <span class='ocrx_word' id='word_1_204' title='bbox 554 1900 638 1927; x_wconf 86' lang='lat' dir='ltr'>Paris.</span> <span class='ocrx_word' id='word_1_205' title='bbox 656 1904 682 1927; x_wconf 85' lang='lat' dir='ltr'>et</span> <span class='ocrx_word' id='word_1_206' title='bbox 697 1900 774 1928; x_wconf 90' lang='lat' dir='ltr'>Cont.</span> <span class='ocrx_word' id='word_1_207' title='bbox 791 1901 880 1928; x_wconf 77' lang='lat' dir='ltr'>Const.</span> <span class='ocrx_word' id='word_1_208' title='bbox 902 1910 966 1929; x_wconf 88' lang='lat' dir='ltr'>mss.</span> <span class='ocrx_word' id='word_1_209' title='bbox 987 1902 1141 1930; x_wconf 78' lang='lat' dir='ltr'>unanimi-</span> 
     </span>
     <span class='ocr_line' id='line_1_48' title="bbox 400 1944 698 1976; baseline -0.007 -6"><span class='ocrx_word' id='word_1_210' title='bbox 400 1944 479 1971; x_wconf 77' lang='lat' dir='ltr'>tatis.</span> <span class='ocrx_word' id='word_1_211' title='bbox 497 1944 541 1971; x_wconf 89' lang='lat' dir='ltr'>Gr.</span> <span class='ocrx_word' id='word_1_212' title='bbox 558 1946 698 1976; x_wconf 69' lang='grc' dir='ltr'><strong>ὁμοὼυχίας,</strong></span> 
     </span>
    </p>

    <p class='ocr_par' dir='ltr' id='par_1_11' title="bbox 401 1987 1143 2106">
     <span class='ocr_line' id='line_1_49' title="bbox 436 1987 1143 2025; baseline 0 -11"><span class='ocrx_word' id='word_1_213' title='bbox 436 1988 452 2015; x_wconf 91' lang='grc'>6</span> <span class='ocrx_word' id='word_1_214' title='bbox 468 1987 532 2023; x_wconf 84' lang='lat' dir='ltr'>Reg.</span> <span class='ocrx_word' id='word_1_215' title='bbox 553 1987 636 2015; x_wconf 77' lang='lat' dir='ltr'>Paris.</span> <span class='ocrx_word' id='word_1_216' title='bbox 653 1988 686 2015; x_wconf 84' lang='lat' dir='ltr'>ad</span> <span class='ocrx_word' id='word_1_217' title='bbox 700 1997 791 2025; x_wconf 77' lang='lat' dir='ltr'>graec.</span> <span class='ocrx_word' id='word_1_218' title='bbox 808 1991 870 2021; x_wconf 78' lang='grc' dir='ltr'>ὁμῶς</span> <span class='ocrx_word' id='word_1_219' title='bbox 886 1991 986 2017; x_wconf 60' lang='grc' dir='ltr'>τοσαύτη</span> <span class='ocrx_word' id='word_1_220' title='bbox 1002 1990 1143 2019; x_wconf 75' lang='lat' dir='ltr'>similiter</span> 
     </span>
     <span class='ocr_line' id='line_1_50' title="bbox 401 2032 1142 2068; baseline 0.003 -9"><span class='ocrx_word' id='word_1_221' title='bbox 401 2034 508 2060; x_wconf 74' lang='lat' dir='ltr'>tantus.</span> <span class='ocrx_word' id='word_1_222' title='bbox 525 2032 610 2060; x_wconf 81' lang='lat' dir='ltr'>Labb.</span> <span class='ocrx_word' id='word_1_223' title='bbox 628 2033 681 2068; x_wconf 77' lang='lat' dir='ltr'>leg.</span> <span class='ocrx_word' id='word_1_224' title='bbox 698 2041 738 2068; x_wconf 76' lang='lat' dir='ltr'>gr.</span> <span class='ocrx_word' id='word_1_225' title='bbox 755 2035 815 2066; x_wconf 78' lang='grc' dir='ltr'><em>ὅμως</em></span> <span class='ocrx_word' id='word_1_226' title='bbox 829 2035 930 2062; x_wconf 70' lang='grc' dir='ltr'><strong>τοσαύτη</strong></span> <span class='ocrx_word' id='word_1_227' title='bbox 952 2034 979 2061; x_wconf 90' lang='lat' dir='ltr'>h.</span> <span class='ocrx_word' id='word_1_228' title='bbox 997 2043 1021 2062; x_wconf 86' lang='lat' dir='ltr'>e.</span> <span class='ocrx_word' id='word_1_229' title='bbox 1044 2038 1142 2063; x_wconf 79' lang='lat' dir='ltr'>lamen</span> 
     </span>
     <span class='ocr_line' id='line_1_51' title="bbox 401 2080 509 2106; baseline 0 -1"><span class='ocrx_word' id='word_1_230' title='bbox 401 2080 509 2106; x_wconf 77' lang='lat' dir='ltr'>tantus.</span> 
     </span>
    </p>

    <p class='ocr_par' dir='ltr' id='par_1_12' title="bbox 401 2122 1143 2195">
     <span class='ocr_line' id='line_1_52' title="bbox 436 2122 1143 2161; baseline 0.004 -12"><span class='ocrx_word' id='word_1_231' title='bbox 436 2123 450 2149; x_wconf 86' lang='lat'><strong>7</strong></span> <span class='ocrx_word' id='word_1_232' title='bbox 467 2122 534 2150; x_wconf 86' lang='lat' dir='ltr'>Ead.</span> <span class='ocrx_word' id='word_1_233' title='bbox 555 2127 582 2151; x_wconf 81' lang='lat' dir='ltr'>et</span> <span class='ocrx_word' id='word_1_234' title='bbox 595 2123 684 2151; x_wconf 69' lang='lat' dir='ltr'>Caras.</span> <span class='ocrx_word' id='word_1_235' title='bbox 701 2124 877 2160; x_wconf 87' lang='lat' dir='ltr'>interponunt</span> <span class='ocrx_word' id='word_1_236' title='bbox 897 2127 923 2153; x_wconf 81' lang='lat' dir='ltr'>et</span> <span class='ocrx_word' id='word_1_237' title='bbox 943 2125 1016 2152; x_wconf 82' lang='lat' dir='ltr'>iuxta</span> <span class='ocrx_word' id='word_1_238' title='bbox 1035 2133 1076 2161; x_wconf 83' lang='lat' dir='ltr'>gr.</span> <span class='ocrx_word' id='word_1_239' title='bbox 1097 2124 1143 2152; x_wconf 85' lang='lat' dir='ltr'>ubi</span> 
     </span>
     <span class='ocr_line' id='line_1_53' title="bbox 401 2166 582 2195; baseline 0.011 -2"><span class='ocrx_word' id='word_1_240' title='bbox 401 2166 519 2195; x_wconf 88' lang='lat' dir='ltr'>hahetur</span> <span class='ocrx_word' id='word_1_241' title='bbox 535 2171 582 2195; x_wconf 76' lang='grc' dir='ltr'>καὶ.</span> 
     </span>
    </p>

    <p class='ocr_par' dir='ltr' id='par_1_13' title="bbox 400 2212 1145 2375">
     <span class='ocr_line' id='line_1_54' title="bbox 435 2212 1142 2250; baseline 0.003 -11"><span class='ocrx_word' id='word_1_242' title='bbox 435 2212 452 2239; x_wconf 87' lang='grc'><strong>8</strong></span> <span class='ocrx_word' id='word_1_243' title='bbox 476 2213 632 2241; x_wconf 79' lang='lat' dir='ltr'>Praedicta</span> <span class='ocrx_word' id='word_1_244' title='bbox 656 2214 713 2241; x_wconf 82' lang='lat' dir='ltr'>viri</span> <span class='ocrx_word' id='word_1_245' title='bbox 736 2214 835 2249; x_wconf 74' lang='lat' dir='ltr'>opinio</span> <span class='ocrx_word' id='word_1_246' title='bbox 864 2214 934 2250; x_wconf 82' lang='lat' dir='ltr'>legg.</span> <span class='ocrx_word' id='word_1_247' title='bbox 962 2219 1071 2242; x_wconf 86' lang='lat' dir='ltr'>nostrae</span> <span class='ocrx_word' id='word_1_248' title='bbox 1094 2214 1142 2242; x_wconf 84' lang='lat' dir='ltr'>lat.</span> 
     </span>
     <span class='ocr_line' id='line_1_55' title="bbox 400 2256 1145 2295; baseline 0.004 -11"><span class='ocrx_word' id='word_1_249' title='bbox 400 2256 465 2284; x_wconf 89' lang='lat' dir='ltr'>edit.</span> <span class='ocrx_word' id='word_1_250' title='bbox 487 2257 586 2285; x_wconf 89' lang='lat' dir='ltr'>Baron.</span> <span class='ocrx_word' id='word_1_251' title='bbox 604 2261 631 2285; x_wconf 85' lang='lat' dir='ltr'>et</span> <span class='ocrx_word' id='word_1_252' title='bbox 647 2258 743 2294; x_wconf 80' lang='lat' dir='ltr'>Lahb.‚</span> <span class='ocrx_word' id='word_1_253' title='bbox 760 2262 787 2286; x_wconf 87' lang='lat' dir='ltr'>at</span> <span class='ocrx_word' id='word_1_254' title='bbox 801 2258 909 2294; x_wconf 87' lang='lat' dir='ltr'>legend.</span> <span class='ocrx_word' id='word_1_255' title='bbox 925 2259 1072 2295; x_wconf 79' lang='lat' dir='ltr'>praedicti</span> <span class='ocrx_word' id='word_1_256' title='bbox 1086 2260 1145 2287; x_wconf 77' lang='lat' dir='ltr'>viri</span> 
     </span>
     <span class='ocr_line' id='line_1_56' title="bbox 400 2301 1145 2339; baseline 0.003 -11"><span class='ocrx_word' id='word_1_257' title='bbox 400 2301 511 2337; x_wconf 79' lang='lat' dir='ltr'>opinio,</span> <span class='ocrx_word' id='word_1_258' title='bbox 532 2305 562 2329; x_wconf 79' lang='lat' dir='ltr'>ut</span> <span class='ocrx_word' id='word_1_259' title='bbox 580 2306 653 2338; x_wconf 72' lang='lat' dir='ltr'>patet</span> <span class='ocrx_word' id='word_1_260' title='bbox 673 2311 703 2330; x_wconf 78' lang='lat' dir='ltr'>ex</span> <span class='ocrx_word' id='word_1_261' title='bbox 723 2311 762 2339; x_wconf 80' lang='lat' dir='ltr'>gr.</span> <span class='ocrx_word' id='word_1_262' title='bbox 783 2307 824 2329; x_wconf 65' lang='lat' dir='ltr'>*rofi</span> <span class='ocrx_word' id='word_1_263' title='bbox 845 2306 1009 2338; x_wconf 70' lang='grc' dir='ltr'>προλιχθὲντος</span> <span class='ocrx_word' id='word_1_264' title='bbox 1029 2305 1112 2339; x_wconf 78' lang='grc' dir='ltr'>ἀνδρὸς</span> <span class='ocrx_word' id='word_1_265' title='bbox 1131 2308 1145 2334; x_wconf 86' lang='grc' dir='ltr'><em>ἡ</em></span> 
     </span>
     <span class='ocr_line' id='line_1_57' title="bbox 402 2345 467 2375; baseline 0.062 -6"><span class='ocrx_word' id='word_1_266' title='bbox 402 2345 467 2375; x_wconf 72' lang='grc' dir='ltr'><strong>δοξα.</strong></span> 
     </span>
    </p>

    <p class='ocr_par' dir='ltr' id='par_1_14' title="bbox 401 2390 1148 2649">
     <span class='ocr_line' id='line_1_58' title="bbox 436 2390 1146 2428; baseline 0.003 -11"><span class='ocrx_word' id='word_1_267' title='bbox 436 2390 453 2418; x_wconf 88' lang='grc'>9</span> <span class='ocrx_word' id='word_1_268' title='bbox 477 2390 553 2418; x_wconf 86' lang='lat' dir='ltr'>Cont.</span> <span class='ocrx_word' id='word_1_269' title='bbox 579 2390 671 2418; x_wconf 73' lang='lat' dir='ltr'>const.</span> <span class='ocrx_word' id='word_1_270' title='bbox 700 2399 764 2419; x_wconf 87' lang='lat' dir='ltr'>mss.</span> <span class='ocrx_word' id='word_1_271' title='bbox 791 2392 824 2419; x_wconf 88' lang='lat' dir='ltr'>ad</span> <span class='ocrx_word' id='word_1_272' title='bbox 851 2401 940 2428; x_wconf 84' lang='lat' dir='ltr'>graec.</span> <span class='ocrx_word' id='word_1_273' title='bbox 966 2397 1146 2428; x_wconf 70' lang='grc' dir='ltr'><strong>παραγεγονέναι</strong></span> 
     </span>
     <span class='ocr_line' id='line_1_59' title="bbox 402 2435 1148 2470; baseline 0.005 -8"><span class='ocrx_word' id='word_1_274' title='bbox 402 2435 501 2470; x_wconf 82' lang='lat' dir='ltr'>corrig.</span> <span class='ocrx_word' id='word_1_275' title='bbox 518 2436 638 2470; x_wconf 75' lang='lat' dir='ltr'>venisse;</span> <span class='ocrx_word' id='word_1_276' title='bbox 659 2436 756 2463; x_wconf 89' lang='lat' dir='ltr'>melius</span> <span class='ocrx_word' id='word_1_277' title='bbox 770 2436 885 2465; x_wconf 83' lang='lat' dir='ltr'>diceres:</span> <span class='ocrx_word' id='word_1_278' title='bbox 904 2438 1062 2466; x_wconf 79' lang='lat' dir='ltr'>advenisse.</span> <span class='ocrx_word' id='word_1_279' title='bbox 1083 2438 1148 2466; x_wconf 87' lang='lat' dir='ltr'>Sen-</span> 
     </span>
     <span class='ocr_line' id='line_1_60' title="bbox 401 2481 1145 2520; baseline 0.007 -13"><span class='ocrx_word' id='word_1_280' title='bbox 401 2488 446 2508; x_wconf 84' lang='lat' dir='ltr'>sus</span> <span class='ocrx_word' id='word_1_281' title='bbox 462 2484 511 2508; x_wconf 85' lang='lat' dir='ltr'>est:</span> <span class='ocrx_word' id='word_1_282' title='bbox 530 2484 604 2508; x_wconf 83' lang='lat' dir='ltr'>tanta</span> <span class='ocrx_word' id='word_1_283' title='bbox 620 2484 677 2509; x_wconf 78' lang='lat' dir='ltr'>erat</span> <span class='ocrx_word' id='word_1_284' title='bbox 692 2481 822 2517; x_wconf 87' lang='lat' dir='ltr'>praedicti</span> <span class='ocrx_word' id='word_1_285' title='bbox 837 2483 885 2510; x_wconf 82' lang='lat' dir='ltr'>viri</span> <span class='ocrx_word' id='word_1_286' title='bbox 903 2483 987 2510; x_wconf 88' lang='lat' dir='ltr'>virtus</span> <span class='ocrx_word' id='word_1_287' title='bbox 1002 2487 1029 2511; x_wconf 88' lang='lat' dir='ltr'>et</span> <span class='ocrx_word' id='word_1_288' title='bbox 1043 2483 1145 2520; x_wconf 88' lang='lat' dir='ltr'>opinio,</span> 
     </span>
     <span class='ocr_line' id='line_1_61' title="bbox 402 2524 1147 2564; baseline 0.005 -13"><span class='ocrx_word' id='word_1_289' title='bbox 402 2527 432 2551; x_wconf 88' lang='lat' dir='ltr'>ut.</span> <span class='ocrx_word' id='word_1_290' title='bbox 450 2524 587 2552; x_wconf 87' lang='lat' dir='ltr'>videretur</span> <span class='ocrx_word' id='word_1_291' title='bbox 607 2525 726 2560; x_wconf 83' lang='lat' dir='ltr'>tardius,</span> <span class='ocrx_word' id='word_1_292' title='bbox 747 2534 827 2561; x_wconf 85' lang='lat' dir='ltr'>quam</span> <span class='ocrx_word' id='word_1_293' title='bbox 847 2527 1005 2563; x_wconf 84' lang='lat' dir='ltr'>oportebat,</span> <span class='ocrx_word' id='word_1_294' title='bbox 1026 2528 1078 2564; x_wconf 87' lang='lat' dir='ltr'>ipsi</span> <span class='ocrx_word' id='word_1_295' title='bbox 1097 2527 1147 2555; x_wconf 84' lang='lat' dir='ltr'>ad-</span> 
     </span>
     <span class='ocr_line' id='line_1_62' title="bbox 402 2569 1148 2609; baseline 0.008 -14"><span class='ocrx_word' id='word_1_296' title='bbox 402 2569 510 2596; x_wconf 83' lang='lat' dir='ltr'>venisse</span> <span class='ocrx_word' id='word_1_297' title='bbox 530 2569 651 2605; x_wconf 87' lang='lat' dir='ltr'>(scilicet</span> <span class='ocrx_word' id='word_1_298' title='bbox 669 2570 795 2598; x_wconf 85' lang='lat' dir='ltr'>collatum</span> <span class='ocrx_word' id='word_1_299' title='bbox 809 2570 908 2607; x_wconf 80' lang='lat' dir='ltr'>fuisse)</span> <span class='ocrx_word' id='word_1_300' title='bbox 931 2571 1073 2608; x_wconf 82' lang='lat' dir='ltr'>honorem,</span> <span class='ocrx_word' id='word_1_301' title='bbox 1094 2581 1148 2609; x_wconf 87' lang='lat' dir='ltr'>quo</span> 
     </span>
     <span class='ocr_line' id='line_1_63' title="bbox 403 2613 691 2649; baseline 0.007 -9"><span class='ocrx_word' id='word_1_302' title='bbox 403 2613 529 2649; x_wconf 83' lang='lat' dir='ltr'>dignatus</span> <span class='ocrx_word' id='word_1_303' title='bbox 546 2622 616 2642; x_wconf 85' lang='lat' dir='ltr'>nunc</span> <span class='ocrx_word' id='word_1_304' title='bbox 633 2614 691 2642; x_wconf 78' lang='lat' dir='ltr'>suit.</span> 
     </span>
    </p>
   </div>
   <div class='ocr_carea' id='block_1_8' title="bbox 911 207 1396 234">
    <p class='ocr_par' dir='ltr' id='par_1_15' title="bbox 911 207 1396 234">
     <span class='ocr_line' id='line_1_64' title="bbox 911 207 1396 234; baseline 0 -1"><span class='ocrx_word' id='word_1_305' title='bbox 911 208 1074 234; x_wconf 77' lang='lat' dir='ltr'>APPENDIX</span> <span class='ocrx_word' id='word_1_306' title='bbox 1097 207 1250 233; x_wconf 67' lang='lat' dir='ltr'>BULLARII</span> <span class='ocrx_word' id='word_1_307' title='bbox 1274 207 1396 233; x_wconf 78' lang='lat' dir='ltr'>ROMANI</span> 
     </span>
    </p>
   </div>
   <div class='ocr_carea' id='block_1_9' title="bbox 1152 277 1160 1525">
    <p class='ocr_par' dir='ltr' id='par_1_16' title="bbox 1152 277 1160 1525">
     <span class='ocr_line' id='line_1_65' title="bbox 1152 277 1160 1525; baseline 0 0"><span class='ocrx_word' id='word_1_308' title='bbox 1152 277 1160 1525; x_wconf 95' lang='lat' dir='ltr'> </span> 
     </span>
    </p>
   </div>
   <div class='ocr_carea' id='block_1_10' title="bbox 1172 204 2114 356">
    <p class='ocr_par' dir='ltr' id='par_1_17' title="bbox 1172 204 2114 356">
     <span class='ocr_line' id='line_1_66' title="bbox 1947 204 2114 237; baseline 0.006 -1"><span class='ocrx_word' id='word_1_309' title='bbox 1947 209 2001 236; x_wconf 83' lang='lat' dir='ltr'>An.</span> <span class='ocrx_word' id='word_1_310' title='bbox 2014 209 2044 237; x_wconf 88' lang='lat' dir='ltr'>C.</span> <span class='ocrx_word' id='word_1_311' title='bbox 2061 204 2114 237; x_wconf 83' lang='lat'>535</span> 
     </span>
     <span class='ocr_line' id='line_1_67' title="bbox 1172 255 1912 300; baseline 0.005 -11"><span class='ocrx_word' id='word_1_312' title='bbox 1172 257 1301 291; x_wconf 84' lang='lat' dir='ltr'>babitus</span> <span class='ocrx_word' id='word_1_313' title='bbox 1316 255 1421 293; x_wconf 83' lang='lat' dir='ltr'>erat¹⁰.</span> <span class='ocrx_word' id='word_1_314' title='bbox 1440 257 1476 290; x_wconf 89' lang='lat' dir='ltr'>Et</span> <span class='ocrx_word' id='word_1_315' title='bbox 1490 257 1551 291; x_wconf 88' lang='lat' dir='ltr'>hoc</span> <span class='ocrx_word' id='word_1_316' title='bbox 1565 257 1712 300; x_wconf 81' lang='lat' dir='ltr'>dignitati</span> <span class='ocrx_word' id='word_1_317' title='bbox 1730 269 1805 292; x_wconf 88' lang='lat' dir='ltr'>suae</span> <span class='ocrx_word' id='word_1_318' title='bbox 1823 259 1912 293; x_wconf 85' lang='lat' dir='ltr'>addi-</span> 
     </span>
     <span class='ocr_line' id='line_1_68' title="bbox 1173 310 2112 356; baseline 0.003 -13"><span class='ocrx_word' id='word_1_319' title='bbox 1173 316 1237 343; x_wconf 80' lang='lat' dir='ltr'>turn</span> <span class='ocrx_word' id='word_1_320' title='bbox 1259 321 1327 344; x_wconf 85' lang='lat' dir='ltr'>esse</span> <span class='ocrx_word' id='word_1_321' title='bbox 1347 310 1553 352; x_wconf 82' lang='lat' dir='ltr'>credimus¹¹,</span> <span class='ocrx_word' id='word_1_322' title='bbox 1570 311 1657 356; x_wconf 88' lang='lat' dir='ltr'>quod</span> <span class='ocrx_word' id='word_1_323' title='bbox 1676 322 1693 344; x_wconf 85' lang='lat' dir='ltr'>a</span> <span class='ocrx_word' id='word_1_324' title='bbox 1715 312 1913 355; x_wconf 84' lang='lat' dir='ltr'>temporibus</span> <span class='ocrx_word' id='word_1_325' title='bbox 1955 326 2112 346; x_wconf 64' lang='lat' dir='ltr'>ntennasnota-</span> 
     </span>
    </p>
   </div>
   <div class='ocr_carea' id='block_1_11' title="bbox 1171 355 2115 409">
    <p class='ocr_par' dir='ltr' id='par_1_18' title="bbox 1171 355 2115 409">
     <span class='ocr_line' id='line_1_69' title="bbox 1171 355 2115 409; baseline 0.002 -12"><span class='ocrx_word' id='word_1_326' title='bbox 1171 364 1254 397; x_wconf 82' lang='lat' dir='ltr'>Petri</span> <span class='ocrx_word' id='word_1_327' title='bbox 1276 364 1424 408; x_wconf 85' lang='lat' dir='ltr'>apostoli,</span> <span class='ocrx_word' id='word_1_328' title='bbox 1445 365 1570 397; x_wconf 88' lang='lat' dir='ltr'>nullum</span> <span class='ocrx_word' id='word_1_329' title='bbox 1592 364 1690 398; x_wconf 86' lang='lat' dir='ltr'>alium</span> <span class='ocrx_word' id='word_1_330' title='bbox 1713 375 1854 409; x_wconf 87' lang='lat' dir='ltr'>unquam</span> <span class='ocrx_word' id='word_1_331' title='bbox 1875 365 1915 398; x_wconf 88' lang='lat' dir='ltr'>O·</span> <span class='ocrx_word' id='word_1_332' title='bbox 1929 355 2115 399; x_wconf 62' lang='lat' dir='ltr'>il&#39;l„¹lss=l&#39;‡&#39;&#39;¹¹2¹¹c¹{132</span> 
     </span>
    </p>
   </div>
   <div class='ocr_carea' id='block_1_12' title="bbox 1170 405 2113 612">
    <p class='ocr_par' dir='ltr' id='par_1_19' title="bbox 1170 405 2113 568">
     <span class='ocr_line' id='line_1_70' title="bbox 1173 405 2113 462; baseline 0.003 -13"><span class='ocrx_word' id='word_1_333' title='bbox 1173 417 1316 450; x_wconf 85' lang='lat' dir='ltr'>rientalis</span> <span class='ocrx_word' id='word_1_334' title='bbox 1330 417 1468 451; x_wconf 81' lang='lat' dir='ltr'>Ecclesia</span> <span class='ocrx_word' id='word_1_335' title='bbox 1488 417 1627 462; x_wconf 83' lang='lat' dir='ltr'>suscepit</span> <span class='ocrx_word' id='word_1_336' title='bbox 1642 417 1830 462; x_wconf 79' lang='lat' dir='ltr'>episcopum</span> <span class='ocrx_word' id='word_1_337' title='bbox 1849 428 1916 450; x_wconf 86' lang='lat' dir='ltr'>ma—</span> <span class='ocrx_word' id='word_1_338' title='bbox 1930 405 2113 462; x_wconf 47' lang='lat' dir='ltr'>&amp;aepssl&#39;sff‘ssgffi</span> 
     </span>
     <span class='ocr_line' id='line_1_71' title="bbox 1171 458 2113 513; baseline 0.001 -10"><span class='ocrx_word' id='word_1_339' title='bbox 1171 470 1266 503; x_wconf 85' lang='lat' dir='ltr'>nibus</span> <span class='ocrx_word' id='word_1_340' title='bbox 1277 476 1407 504; x_wconf 80' lang='lat' dir='ltr'>nostrae</span> <span class='ocrx_word' id='word_1_341' title='bbox 1417 470 1507 504; x_wconf 82' lang='lat' dir='ltr'>Sedis</span> <span class='ocrx_word' id='word_1_342' title='bbox 1521 471 1718 504; x_wconf 86' lang='lat' dir='ltr'>ordinatum.</span> <span class='ocrx_word' id='word_1_343' title='bbox 1730 470 1767 504; x_wconf 88' lang='lat' dir='ltr'>Et</span> <span class='ocrx_word' id='word_1_344' title='bbox 1782 470 1915 504; x_wconf 80' lang='lat' dir='ltr'>forsitan</span> <span class='ocrx_word' id='word_1_345' title='bbox 1930 458 2113 513; x_wconf 52' lang='lat' dir='ltr'>lillffissssss&#39;ssss</span> 
     </span>
     <span class='ocr_line' id='line_1_72' title="bbox 1170 510 2027 568; baseline 0.002 -12"><span class='ocrx_word' id='word_1_346' title='bbox 1170 524 1217 556; x_wconf 77' lang='lat' dir='ltr'>vel</span> <span class='ocrx_word' id='word_1_347' title='bbox 1237 525 1276 557; x_wconf 82' lang='lat' dir='ltr'>ad</span> <span class='ocrx_word' id='word_1_348' title='bbox 1295 524 1725 558; x_wconf 85' lang='lat' dir='ltr'>demonstrationemlaudis</span> <span class='ocrx_word' id='word_1_349' title='bbox 1743 524 1853 568; x_wconf 85' lang='lat' dir='ltr'>ipsius,</span> <span class='ocrx_word' id='word_1_350' title='bbox 1866 524 1915 558; x_wconf 91' lang='lat' dir='ltr'>vel</span> <span class='ocrx_word' id='word_1_351' title='bbox 1931 510 2027 536; x_wconf 63' lang='lat'>⁶¹¹¹³¹¹¹⁵⁵</span> 
     </span>
    </p>

    <p class='ocr_par' dir='ltr' id='par_1_20' title="bbox 1171 577 1916 612">
     <span class='ocr_line' id='line_1_73' title="bbox 1171 577 1916 612; baseline 0.003 -2"><span class='ocrx_word' id='word_1_352' title='bbox 1171 578 1210 611; x_wconf 90' lang='lat' dir='ltr'>ad</span> <span class='ocrx_word' id='word_1_353' title='bbox 1223 578 1478 611; x_wconf 82' lang='lat' dir='ltr'>destructionem</span> <span class='ocrx_word' id='word_1_354' title='bbox 1491 578 1697 611; x_wconf 84' lang='lat' dir='ltr'>inimicorum</span> <span class='ocrx_word' id='word_1_355' title='bbox 1714 577 1916 612; x_wconf 75' lang='lat' dir='ltr'>instans¹²res</span> 
     </span>
    </p>
   </div>
   <div class='ocr_carea' id='block_1_13' title="bbox 1171 631 2114 697">
    <p class='ocr_par' dir='ltr' id='par_1_21' title="bbox 1171 631 2114 697">
     <span class='ocr_line' id='line_1_74' title="bbox 1171 631 2114 697; baseline 0 -33"><span class='ocrx_word' id='word_1_356' title='bbox 1171 637 1258 665; x_wconf 79' lang='lat' dir='ltr'>tanta</span> <span class='ocrx_word' id='word_1_357' title='bbox 1274 631 1433 676; x_wconf 84' lang='lat' dir='ltr'>pervenit,</span> <span class='ocrx_word' id='word_1_358' title='bbox 1451 637 1485 665; x_wconf 93' lang='lat' dir='ltr'>ut</span> <span class='ocrx_word' id='word_1_359' title='bbox 1504 631 1564 665; x_wconf 88' lang='lat' dir='ltr'>illis</span> <span class='ocrx_word' id='word_1_360' title='bbox 1579 632 1646 676; x_wconf 89' lang='lat' dir='ltr'>ipse</span> <span class='ocrx_word' id='word_1_361' title='bbox 1659 632 1773 665; x_wconf 89' lang='lat' dir='ltr'>similis</span> <span class='ocrx_word' id='word_1_362' title='bbox 1788 642 1856 666; x_wconf 87' lang='lat' dir='ltr'>esse</span> <span class='ocrx_word' id='word_1_363' title='bbox 1870 632 1916 665; x_wconf 87' lang='lat' dir='ltr'>vi-</span> <span class='ocrx_word' id='word_1_364' title='bbox 1931 642 2114 697; x_wconf 29' lang='lat' dir='ltr'>*auriga-guara:</span> 
     </span>
    </p>
   </div>
   <div class='ocr_carea' id='block_1_14' title="bbox 1171 683 2120 1680">
    <p class='ocr_par' dir='ltr' id='par_1_22' title="bbox 1171 683 2115 892">
     <span class='ocr_line' id='line_1_75' title="bbox 1171 683 2115 729; baseline 0 -11"><span class='ocrx_word' id='word_1_365' title='bbox 1171 685 1296 727; x_wconf 75' lang='lat' dir='ltr'>dentur,</span> <span class='ocrx_word' id='word_1_366' title='bbox 1314 695 1396 729; x_wconf 89' lang='lat' dir='ltr'>quos</span> <span class='ocrx_word' id='word_1_367' title='bbox 1411 685 1441 718; x_wconf 89' lang='lat' dir='ltr'>in</span> <span class='ocrx_word' id='word_1_368' title='bbox 1459 685 1509 718; x_wconf 91' lang='lat' dir='ltr'>his</span> <span class='ocrx_word' id='word_1_369' title='bbox 1523 686 1719 729; x_wconf 85' lang='lat' dir='ltr'>quandoque</span> <span class='ocrx_word' id='word_1_370' title='bbox 1737 683 1916 729; x_wconf 79' lang='lat' dir='ltr'>partibus¹³</span> <span class='ocrx_word' id='word_1_371' title='bbox 1931 697 1955 717; x_wconf 73' lang='grc' dir='ltr'>Β.</span> <span class='ocrx_word' id='word_1_372' title='bbox 1970 697 2037 726; x_wconf 36' lang='lat' dir='ltr'>‚reim</span> <span class='ocrx_word' id='word_1_373' title='bbox 2058 697 2115 718; x_wconf 83' lang='lat' dir='ltr'>ordi-</span> 
     </span>
     <span class='ocr_line' id='line_1_76' title="bbox 1172 723 2075 783; baseline 0.002 -12"><span class='ocrx_word' id='word_1_374' title='bbox 1172 739 1271 783; x_wconf 85' lang='lat' dir='ltr'>ipsius</span> <span class='ocrx_word' id='word_1_375' title='bbox 1282 739 1503 783; x_wconf 87' lang='lat' dir='ltr'>apostolorum</span> <span class='ocrx_word' id='word_1_376' title='bbox 1515 739 1612 783; x_wconf 90' lang='lat' dir='ltr'>primi</span> <span class='ocrx_word' id='word_1_377' title='bbox 1626 739 1740 772; x_wconf 88' lang='lat' dir='ltr'>electio</span> <span class='ocrx_word' id='word_1_378' title='bbox 1748 739 1916 773; x_wconf 89' lang='lat' dir='ltr'>ordinavit.</span> <span class='ocrx_word' id='word_1_379' title='bbox 1929 725 1974 745; x_wconf 56' lang='lat' dir='ltr'>&#39;&#39;a‘&#39;</span> <span class='ocrx_word' id='word_1_380' title='bbox 1984 723 2075 745; x_wconf 52' lang='lat' dir='ltr'>“mm‘&#39;</span> 
     </span>
     <span class='ocr_line' id='line_1_77' title="bbox 1172 793 1918 838; baseline -0.001 -11"><span class='ocrx_word' id='word_1_381' title='bbox 1172 793 1351 827; x_wconf 89' lang='lat' dir='ltr'>Commune</span> <span class='ocrx_word' id='word_1_382' title='bbox 1372 793 1482 837; x_wconf 86' lang='lat' dir='ltr'>itaque</span> <span class='ocrx_word' id='word_1_383' title='bbox 1500 793 1666 836; x_wconf 82' lang='lat' dir='ltr'>gaudium,</span> <span class='ocrx_word' id='word_1_384' title='bbox 1693 794 1829 835; x_wconf 86' lang='lat' dir='ltr'>fratres,</span> <span class='ocrx_word' id='word_1_385' title='bbox 1862 793 1918 838; x_wconf 85' lang='lat' dir='ltr'>pia</span> 
     </span>
     <span class='ocr_line' id='line_1_78' title="bbox 1173 846 1918 892; baseline 0.003 -13"><span class='ocrx_word' id='word_1_386' title='bbox 1173 846 1368 880; x_wconf 82' lang='lat' dir='ltr'>exultatione</span> <span class='ocrx_word' id='word_1_387' title='bbox 1383 846 1545 890; x_wconf 85' lang='lat' dir='ltr'>suscipite,</span> <span class='ocrx_word' id='word_1_388' title='bbox 1559 853 1588 880; x_wconf 90' lang='lat' dir='ltr'>et</span> <span class='ocrx_word' id='word_1_389' title='bbox 1600 852 1757 891; x_wconf 88' lang='lat' dir='ltr'>quantum</span> <span class='ocrx_word' id='word_1_390' title='bbox 1770 857 1826 880; x_wconf 92' lang='lat' dir='ltr'>vos</span> <span class='ocrx_word' id='word_1_391' title='bbox 1839 857 1918 892; x_wconf 90' lang='lat' dir='ltr'>apo-</span> 
     </span>
    </p>

    <p class='ocr_par' dir='ltr' id='par_1_23' title="bbox 1172 900 1915 946">
     <span class='ocr_line' id='line_1_79' title="bbox 1172 900 1915 946; baseline 0.003 -13"><span class='ocrx_word' id='word_1_392' title='bbox 1172 900 1304 934; x_wconf 88' lang='lat' dir='ltr'>stolicae</span> <span class='ocrx_word' id='word_1_393' title='bbox 1325 900 1415 934; x_wconf 90' lang='lat' dir='ltr'>Sedis</span> <span class='ocrx_word' id='word_1_394' title='bbox 1432 906 1561 934; x_wconf 85' lang='lat' dir='ltr'>nostrae</span> <span class='ocrx_word' id='word_1_395' title='bbox 1582 901 1738 935; x_wconf 86' lang='lat' dir='ltr'>iudicium</span> <span class='ocrx_word' id='word_1_396' title='bbox 1762 911 1915 946; x_wconf 84' lang='lat' dir='ltr'>compro-</span> 
     </span>
    </p>

    <p class='ocr_par' dir='ltr' id='par_1_24' title="bbox 1173 953 2117 1105">
     <span class='ocr_line' id='line_1_80' title="bbox 1174 953 2117 1011; baseline -0.004 -24"><span class='ocrx_word' id='word_1_397' title='bbox 1174 954 1266 995; x_wconf 85' lang='lat' dir='ltr'>batis,</span> <span class='ocrx_word' id='word_1_398' title='bbox 1290 960 1443 988; x_wconf 86' lang='lat' dir='ltr'>consueta</span> <span class='ocrx_word' id='word_1_399' title='bbox 1464 955 1676 999; x_wconf 85' lang='lat' dir='ltr'>rescriptione</span> <span class='ocrx_word' id='word_1_400' title='bbox 1699 953 1944 1011; x_wconf 52' lang='lat' dir='ltr'>signit⁶1eate¹⁴;¹&gt;</span> <span class='ocrx_word' id='word_1_401' title='bbox 1961 963 2117 1010; x_wconf 51' lang='lat' dir='ltr'>Responsoruts</span> 
     </span>
     <span class='ocr_line' id='line_1_81' title="bbox 1173 992 2117 1051; baseline 0.001 -11"><span class='ocrx_word' id='word_1_402' title='bbox 1173 1008 1330 1041; x_wconf 84' lang='lat' dir='ltr'>habentes</span> <span class='ocrx_word' id='word_1_403' title='bbox 1354 1008 1517 1051; x_wconf 85' lang='lat' dir='ltr'>duplicem</span> <span class='ocrx_word' id='word_1_404' title='bbox 1539 1008 1746 1041; x_wconf 80' lang='lat' dir='ltr'>exultationis</span> <span class='ocrx_word' id='word_1_405' title='bbox 1771 1019 1913 1050; x_wconf 85' lang='lat' dir='ltr'>causam,</span> <span class='ocrx_word' id='word_1_406' title='bbox 1940 992 2117 1017; x_wconf 52' lang='lat' dir='ltr'><strong>&#39;mmmm&#39;</strong></span> 
     </span>
     <span class='ocr_line' id='line_1_82' title="bbox 1174 1053 1918 1105; baseline -0.001 -10"><span class='ocrx_word' id='word_1_407' title='bbox 1174 1067 1205 1095; x_wconf 88' lang='lat' dir='ltr'>et</span> <span class='ocrx_word' id='word_1_408' title='bbox 1225 1053 1417 1105; x_wconf 84' lang='lat' dir='ltr'>quodmala</span> <span class='ocrx_word' id='word_1_409' title='bbox 1436 1061 1505 1094; x_wconf 84' lang='lat' dir='ltr'>sine</span> <span class='ocrx_word' id='word_1_410' title='bbox 1535 1071 1625 1094; x_wconf 83' lang='lat' dir='ltr'>mora</span> <span class='ocrx_word' id='word_1_411' title='bbox 1643 1061 1857 1104; x_wconf 79' lang='lat' dir='ltr'>corrigantur,</span> <span class='ocrx_word' id='word_1_412' title='bbox 1886 1067 1918 1094; x_wconf 88' lang='lat' dir='ltr'>et</span> 
     </span>
    </p>

    <p class='ocr_par' dir='ltr' id='par_1_25' title="bbox 1174 1113 1915 1158">
     <span class='ocr_line' id='line_1_83' title="bbox 1174 1113 1915 1158; baseline 0 -11"><span class='ocrx_word' id='word_1_413' title='bbox 1174 1113 1294 1158; x_wconf 80' lang='lat' dir='ltr'>quod¹⁵</span> <span class='ocrx_word' id='word_1_414' title='bbox 1313 1125 1373 1158; x_wconf 89' lang='lat' dir='ltr'>pro</span> <span class='ocrx_word' id='word_1_415' title='bbox 1394 1114 1443 1147; x_wconf 90' lang='lat' dir='ltr'>his</span> <span class='ocrx_word' id='word_1_416' title='bbox 1463 1119 1572 1158; x_wconf 84' lang='lat' dir='ltr'>optata</span> <span class='ocrx_word' id='word_1_417' title='bbox 1592 1114 1764 1147; x_wconf 84' lang='lat' dir='ltr'>subsecuta</span> <span class='ocrx_word' id='word_1_418' title='bbox 1783 1114 1915 1155; x_wconf 79' lang='lat' dir='ltr'>fuerint3</span> 
     </span>
    </p>

    <p class='ocr_par' dir='ltr' id='par_1_26' title="bbox 1175 1168 1915 1211">
     <span class='ocr_line' id='line_1_84' title="bbox 1175 1168 1915 1211; baseline 0.001 -11"><span class='ocrx_word' id='word_1_419' title='bbox 1175 1168 1213 1200; x_wconf 91' lang='lat' dir='ltr'>de</span> <span class='ocrx_word' id='word_1_420' title='bbox 1234 1173 1342 1201; x_wconf 88' lang='lat' dir='ltr'>cetero</span> <span class='ocrx_word' id='word_1_421' title='bbox 1362 1173 1601 1211; x_wconf 77' lang='lat' dir='ltr'>praecaventes,</span> <span class='ocrx_word' id='word_1_422' title='bbox 1622 1178 1662 1200; x_wconf 91' lang='lat' dir='ltr'>ne</span> <span class='ocrx_word' id='word_1_423' title='bbox 1683 1178 1794 1201; x_wconf 85' lang='lat' dir='ltr'>rursus</span> <span class='ocrx_word' id='word_1_424' title='bbox 1815 1178 1915 1201; x_wconf 90' lang='lat' dir='ltr'>cano-</span> 
     </span>
    </p>

    <p class='ocr_par' dir='ltr' id='par_1_27' title="bbox 1174 1220 2120 1372">
     <span class='ocr_line' id='line_1_85' title="bbox 1174 1220 2120 1277; baseline 0 -24"><span class='ocrx_word' id='word_1_425' title='bbox 1174 1220 1255 1254; x_wconf 88' lang='lat' dir='ltr'>nicis</span> <span class='ocrx_word' id='word_1_426' title='bbox 1279 1221 1501 1254; x_wconf 84' lang='lat' dir='ltr'>sanctionibus</span> <span class='ocrx_word' id='word_1_427' title='bbox 1530 1221 1609 1265; x_wconf 87' lang='lat' dir='ltr'>quid</span> <span class='ocrx_word' id='word_1_428' title='bbox 1635 1221 1834 1255; x_wconf 82' lang='lat' dir='ltr'>contrarium</span> <span class='ocrx_word' id='word_1_429' title='bbox 1859 1228 2120 1277; x_wconf 61' lang='lat' dir='ltr'>perlNeiterumviof</span> 
     </span>
     <span class='ocr_line' id='line_1_86' title="bbox 1174 1258 2118 1318; baseline 0.001 -11"><span class='ocrx_word' id='word_1_430' title='bbox 1174 1284 1230 1307; x_wconf 89' lang='lat' dir='ltr'>vos</span> <span class='ocrx_word' id='word_1_431' title='bbox 1254 1275 1356 1318; x_wconf 86' lang='lat' dir='ltr'>(quod</span> <span class='ocrx_word' id='word_1_432' title='bbox 1382 1284 1448 1308; x_wconf 91' lang='lat' dir='ltr'>non</span> <span class='ocrx_word' id='word_1_433' title='bbox 1474 1274 1585 1318; x_wconf 85' lang='lat' dir='ltr'>credo)</span> <span class='ocrx_word' id='word_1_434' title='bbox 1611 1274 1677 1316; x_wconf 88' lang='lat' dir='ltr'>fiat,</span> <span class='ocrx_word' id='word_1_435' title='bbox 1700 1280 1807 1308; x_wconf 89' lang='lat' dir='ltr'>vestro</span> <span class='ocrx_word' id='word_1_436' title='bbox 1828 1285 1919 1309; x_wconf 86' lang='lat' dir='ltr'>acce·</span> <span class='ocrx_word' id='word_1_437' title='bbox 1942 1258 2118 1280; x_wconf 59' lang='lat'>²⁰²⁰‘⁰³⁰⁰⁰⁰⁵&#39;</span> 
     </span>
     <span class='ocr_line' id='line_1_87' title="bbox 1175 1327 1921 1372; baseline 0.003 -12"><span class='ocrx_word' id='word_1_438' title='bbox 1175 1327 1270 1361; x_wconf 90' lang='lat' dir='ltr'>dente</span> <span class='ocrx_word' id='word_1_439' title='bbox 1291 1338 1450 1362; x_wconf 89' lang='lat' dir='ltr'>consensu</span> <span class='ocrx_word' id='word_1_440' title='bbox 1464 1327 1495 1369; x_wconf 48' lang='grc' dir='ltr'><strong>Ἦ</strong></span> <span class='ocrx_word' id='word_1_441' title='bbox 1516 1328 1783 1372; x_wconf 87' lang='lat' dir='ltr'>quandoquidem</span> <span class='ocrx_word' id='word_1_442' title='bbox 1797 1327 1817 1345; x_wconf 82' lang='lat'>¹⁷</span> <span class='ocrx_word' id='word_1_443' title='bbox 1836 1328 1921 1362; x_wconf 84' lang='lat' dir='ltr'>sicut</span> 
     </span>
    </p>

    <p class='ocr_par' dir='ltr' id='par_1_28' title="bbox 1174 1381 2120 1624">
     <span class='ocr_line' id='line_1_88' title="bbox 1174 1381 2120 1436; baseline 0.002 -22"><span class='ocrx_word' id='word_1_444' title='bbox 1174 1391 1269 1415; x_wconf 85' lang='lat' dir='ltr'>error</span> <span class='ocrx_word' id='word_1_445' title='bbox 1288 1382 1379 1423; x_wconf 87' lang='lat' dir='ltr'>eius,</span> <span class='ocrx_word' id='word_1_446' title='bbox 1414 1382 1471 1426; x_wconf 88' lang='lat' dir='ltr'>qui</span> <span class='ocrx_word' id='word_1_447' title='bbox 1495 1382 1595 1416; x_wconf 88' lang='lat' dir='ltr'>semel</span> <span class='ocrx_word' id='word_1_448' title='bbox 1626 1381 1792 1426; x_wconf 83' lang='lat' dir='ltr'>peccavit,</span> <span class='ocrx_word' id='word_1_449' title='bbox 1825 1382 1919 1416; x_wconf 87' lang='lat' dir='ltr'>venia</span> <span class='ocrx_word' id='word_1_450' title='bbox 1950 1387 2120 1436; x_wconf 45' lang='lat' dir='ltr'>affiguvesggffi</span> 
     </span>
     <span class='ocr_line' id='line_1_89' title="bbox 1175 1420 2119 1488; baseline 0.002 -20"><span class='ocrx_word' id='word_1_451' title='bbox 1175 1435 1292 1477; x_wconf 82' lang='lat' dir='ltr'>dignus</span> <span class='ocrx_word' id='word_1_452' title='bbox 1306 1434 1393 1476; x_wconf 80' lang='lat' dir='ltr'>est¹⁸,</span> <span class='ocrx_word' id='word_1_453' title='bbox 1414 1435 1459 1468; x_wconf 89' lang='lat' dir='ltr'>sic</span> <span class='ocrx_word' id='word_1_454' title='bbox 1473 1435 1628 1479; x_wconf 86' lang='lat' dir='ltr'>frequens</span> <span class='ocrx_word' id='word_1_455' title='bbox 1641 1435 1832 1479; x_wconf 84' lang='lat' dir='ltr'>trasgressio</span> <span class='ocrx_word' id='word_1_456' title='bbox 1850 1445 1920 1470; x_wconf 92' lang='lat' dir='ltr'>mo·</span> <span class='ocrx_word' id='word_1_457' title='bbox 1934 1420 2023 1488; x_wconf 44' lang='lat' dir='ltr'>gmina,</span> <span class='ocrx_word' id='word_1_458' title='bbox 2040 1441 2119 1463; x_wconf 71' lang='lat' dir='ltr'>iterare</span> 
     </span>
     <span class='ocr_line' id='line_1_90' title="bbox 1175 1473 2120 1533; baseline -0.001 -11"><span class='ocrx_word' id='word_1_459' title='bbox 1175 1493 1241 1522; x_wconf 85' lang='lat' dir='ltr'>turn</span> <span class='ocrx_word' id='word_1_460' title='bbox 1267 1488 1464 1522; x_wconf 85' lang='lat' dir='ltr'>austeritatis</span> <span class='ocrx_word' id='word_1_461' title='bbox 1486 1487 1675 1533; x_wconf 84' lang='lat' dir='ltr'>deposcit¹⁹.</span> <span class='ocrx_word' id='word_1_462' title='bbox 1934 1473 2120 1521; x_wconf 50' lang='grc' dir='ltr'>ἓῗιῗὲἓῑῗιῖῗῗωω</span> 
     </span>
     <span class='ocr_line' id='line_1_91' title="bbox 1212 1595 1758 1624; baseline 0 -1"><span class='ocrx_word' id='word_1_463' title='bbox 1212 1597 1244 1624; x_wconf 88' lang='grc'>10</span> <span class='ocrx_word' id='word_1_464' title='bbox 1259 1596 1347 1624; x_wconf 80' lang='lat' dir='ltr'>Caraf.</span> <span class='ocrx_word' id='word_1_465' title='bbox 1365 1600 1391 1624; x_wconf 85' lang='lat' dir='ltr'>et</span> <span class='ocrx_word' id='word_1_466' title='bbox 1407 1595 1503 1624; x_wconf 88' lang='lat' dir='ltr'>Baron.</span> <span class='ocrx_word' id='word_1_467' title='bbox 1522 1596 1615 1624; x_wconf 83' lang='lat' dir='ltr'>delent</span> <span class='ocrx_word' id='word_1_468' title='bbox 1634 1596 1758 1624; x_wconf 78' lang='lat' dir='ltr'>habitus.</span> 
     </span>
    </p>

    <p class='ocr_par' dir='ltr' id='par_1_29' title="bbox 1211 1645 1920 1680">
     <span class='ocr_line' id='line_1_92' title="bbox 1211 1645 1920 1680; baseline -0.003 -8"><span class='ocrx_word' id='word_1_469' title='bbox 1211 1646 1239 1672; x_wconf 86' lang='lat'>11</span> <span class='ocrx_word' id='word_1_470' title='bbox 1263 1645 1305 1672; x_wconf 80' lang='lat' dir='ltr'>Sic</span> <span class='ocrx_word' id='word_1_471' title='bbox 1324 1653 1415 1680; x_wconf 80' lang='lat' dir='ltr'>graec.</span> <span class='ocrx_word' id='word_1_472' title='bbox 1436 1647 1572 1677; x_wconf 77' lang='grc' dir='ltr'>πιστεύομεν</span> <span class='ocrx_word' id='word_1_473' title='bbox 1586 1649 1750 1679; x_wconf 61' lang='grc' dir='ltr'>προστεθῆναι.</span> <span class='ocrx_word' id='word_1_474' title='bbox 1772 1646 1871 1673; x_wconf 83' lang='lat' dir='ltr'>Baron.</span> <span class='ocrx_word' id='word_1_475' title='bbox 1893 1649 1920 1673; x_wconf 84' lang='lat' dir='ltr'>et</span> 
     </span>
    </p>
   </div>
   <div class='ocr_carea' id='block_1_15' title="bbox 1174 1689 1916 1768">
    <p class='ocr_par' dir='ltr' id='par_1_30' title="bbox 1174 1689 1916 1768">
     <span class='ocr_line' id='line_1_93' title="bbox 1175 1689 1916 1725; baseline 0.001 -9"><span class='ocrx_word' id='word_1_476' title='bbox 1175 1689 1264 1717; x_wconf 79' lang='lat' dir='ltr'>Caras.</span> <span class='ocrx_word' id='word_1_477' title='bbox 1277 1690 1347 1725; x_wconf 84' lang='lat' dir='ltr'>legg.</span> <span class='ocrx_word' id='word_1_478' title='bbox 1360 1689 1467 1718; x_wconf 81' lang='lat' dir='ltr'>addere</span> <span class='ocrx_word' id='word_1_479' title='bbox 1482 1690 1628 1718; x_wconf 81' lang='lat' dir='ltr'>credimus</span> <span class='ocrx_word' id='word_1_480' title='bbox 1645 1690 1726 1717; x_wconf 86' lang='lat' dir='ltr'>veluti</span> <span class='ocrx_word' id='word_1_481' title='bbox 1736 1689 1757 1717; x_wconf 90' lang='lat' dir='ltr'>si</span> <span class='ocrx_word' id='word_1_482' title='bbox 1768 1697 1809 1725; x_wconf 85' lang='lat' dir='ltr'>gr.</span> <span class='ocrx_word' id='word_1_483' title='bbox 1821 1689 1916 1717; x_wconf 88' lang='lat' dir='ltr'>haber.</span> 
     </span>
     <span class='ocr_line' id='line_1_94' title="bbox 1174 1735 1481 1768; baseline 0 -10"><span class='ocrx_word' id='word_1_484' title='bbox 1174 1735 1312 1766; x_wconf 74' lang='grc' dir='ltr'>πιστεύομεν</span> <span class='ocrx_word' id='word_1_485' title='bbox 1326 1736 1481 1768; x_wconf 81' lang='grc' dir='ltr'>προστιθέναι,</span> 
     </span>
    </p>
   </div>
   <div class='ocr_carea' id='block_1_16' title="bbox 1174 1783 1922 2654">
    <p class='ocr_par' dir='ltr' id='par_1_31' title="bbox 1174 1783 1920 1955">
     <span class='ocr_line' id='line_1_95' title="bbox 1210 1783 1918 1820; baseline 0.001 -9"><span class='ocrx_word' id='word_1_486' title='bbox 1210 1783 1244 1811; x_wconf 82' lang='grc'>12</span> <span class='ocrx_word' id='word_1_487' title='bbox 1262 1784 1331 1819; x_wconf 86' lang='lat' dir='ltr'>Reg.</span> <span class='ocrx_word' id='word_1_488' title='bbox 1356 1783 1441 1812; x_wconf 88' lang='lat' dir='ltr'>Paris.</span> <span class='ocrx_word' id='word_1_489' title='bbox 1466 1784 1503 1812; x_wconf 84' lang='lat' dir='ltr'>ad</span> <span class='ocrx_word' id='word_1_490' title='bbox 1527 1785 1706 1820; x_wconf 81' lang='lat' dir='ltr'>repellendos</span> <span class='ocrx_word' id='word_1_491' title='bbox 1729 1784 1918 1813; x_wconf 75' lang='lat' dir='ltr'>inimicorum</span> 
     </span>
     <span class='ocr_line' id='line_1_96' title="bbox 1174 1829 1920 1865; baseline -0.004 -8"><span class='ocrx_word' id='word_1_492' title='bbox 1174 1829 1313 1864; x_wconf 48' lang='lat' dir='ltr'>insultu&amp;</span> <span class='ocrx_word' id='word_1_493' title='bbox 1324 1837 1415 1865; x_wconf 75' lang='lat' dir='ltr'>graec.</span> <span class='ocrx_word' id='word_1_494' title='bbox 1428 1831 1460 1859; x_wconf 80' lang='grc' dir='ltr'>εἷς</span> <span class='ocrx_word' id='word_1_495' title='bbox 1476 1832 1601 1855; x_wconf 72' lang='grc' dir='ltr'>κατάλυσιν</span> <span class='ocrx_word' id='word_1_496' title='bbox 1614 1835 1660 1855; x_wconf 84' lang='grc' dir='ltr'>τῶν</span> <span class='ocrx_word' id='word_1_497' title='bbox 1676 1830 1766 1865; x_wconf 62' lang='grc' dir='ltr'>ἐχθρῶν</span> <span class='ocrx_word' id='word_1_498' title='bbox 1780 1835 1822 1859; x_wconf 81' lang='grc' dir='ltr'>τῆς</span> <span class='ocrx_word' id='word_1_499' title='bbox 1837 1830 1920 1858; x_wconf 77' lang='grc' dir='ltr'>ἔνςτὰ-</span> 
     </span>
     <span class='ocr_line' id='line_1_97' title="bbox 1175 1874 1920 1904; baseline 0.004 -5"><span class='ocrx_word' id='word_1_500' title='bbox 1175 1884 1231 1903; x_wconf 72' lang='grc' dir='ltr'><strong><em>σεως</em></strong></span> <span class='ocrx_word' id='word_1_501' title='bbox 1250 1875 1288 1902; x_wconf 84' lang='lat' dir='ltr'>ad</span> <span class='ocrx_word' id='word_1_502' title='bbox 1307 1875 1529 1903; x_wconf 77' lang='lat' dir='ltr'>destructionem</span> <span class='ocrx_word' id='word_1_503' title='bbox 1545 1875 1730 1904; x_wconf 71' lang='lat' dir='ltr'>inimicorum</span> <span class='ocrx_word' id='word_1_504' title='bbox 1744 1874 1920 1903; x_wconf 73' lang='lat' dir='ltr'>intentionis</span> 
     </span>
     <span class='ocr_line' id='line_1_98' title="bbox 1175 1919 1652 1955; baseline 0 -8"><span class='ocrx_word' id='word_1_505' title='bbox 1175 1919 1280 1947; x_wconf 84' lang='lat' dir='ltr'>scilicet</span> <span class='ocrx_word' id='word_1_506' title='bbox 1291 1919 1437 1955; x_wconf 70' lang='lat' dir='ltr'>puynacis</span> <span class='ocrx_word' id='word_1_507' title='bbox 1451 1920 1652 1948; x_wconf 71' lang='lat' dir='ltr'>contentionis.</span> 
     </span>
    </p>

    <p class='ocr_par' dir='ltr' id='par_1_32' title="bbox 1213 1967 1917 2005">
     <span class='ocr_line' id='line_1_99' title="bbox 1213 1967 1917 2005; baseline 0.001 -10"><span class='ocrx_word' id='word_1_508' title='bbox 1213 1967 1245 1995; x_wconf 83' lang='lat'>13</span> <span class='ocrx_word' id='word_1_509' title='bbox 1264 1968 1315 2003; x_wconf 86' lang='lat' dir='ltr'>Ap.</span> <span class='ocrx_word' id='word_1_510' title='bbox 1328 1967 1413 1995; x_wconf 78' lang='lat' dir='ltr'>Caras.</span> <span class='ocrx_word' id='word_1_511' title='bbox 1428 1967 1479 2004; x_wconf 84' lang='lat' dir='ltr'>leg.</span> <span class='ocrx_word' id='word_1_512' title='bbox 1488 1969 1626 2003; x_wconf 78' lang='lat' dir='ltr'>patribus</span> <span class='ocrx_word' id='word_1_513' title='bbox 1641 1977 1708 2004; x_wconf 87' lang='lat' dir='ltr'>err.‚</span> <span class='ocrx_word' id='word_1_514' title='bbox 1724 1972 1754 1996; x_wconf 83' lang='lat' dir='ltr'>ut</span> <span class='ocrx_word' id='word_1_515' title='bbox 1767 1972 1852 2005; x_wconf 79' lang='lat' dir='ltr'>patet,</span> <span class='ocrx_word' id='word_1_516' title='bbox 1864 1972 1917 2005; x_wconf 85' lang='lat' dir='ltr'>typ.</span> 
     </span>
    </p>

    <p class='ocr_par' dir='ltr' id='par_1_33' title="bbox 1213 2017 1806 2054">
     <span class='ocr_line' id='line_1_100' title="bbox 1213 2017 1806 2054; baseline 0.003 -10"><span class='ocrx_word' id='word_1_517' title='bbox 1213 2018 1245 2044; x_wconf 72' lang='lat'>14</span> <span class='ocrx_word' id='word_1_518' title='bbox 1266 2017 1412 2054; x_wconf 87' lang='lat' dir='ltr'>Perperam</span> <span class='ocrx_word' id='word_1_519' title='bbox 1428 2018 1524 2045; x_wconf 85' lang='lat' dir='ltr'>Baron.</span> <span class='ocrx_word' id='word_1_520' title='bbox 1543 2018 1595 2054; x_wconf 84' lang='lat' dir='ltr'>leg.</span> <span class='ocrx_word' id='word_1_521' title='bbox 1611 2019 1806 2054; x_wconf 64' lang='lat' dir='ltr'>sigymficante.</span> 
     </span>
    </p>

    <p class='ocr_par' dir='ltr' id='par_1_34' title="bbox 1176 2066 1920 2148">
     <span class='ocr_line' id='line_1_101' title="bbox 1212 2066 1920 2102; baseline -0.004 -8"><span class='ocrx_word' id='word_1_522' title='bbox 1212 2068 1245 2095; x_wconf 90' lang='lat'>15</span> <span class='ocrx_word' id='word_1_523' title='bbox 1265 2067 1361 2095; x_wconf 88' lang='lat' dir='ltr'>Baron.</span> <span class='ocrx_word' id='word_1_524' title='bbox 1379 2070 1406 2094; x_wconf 86' lang='lat' dir='ltr'>et</span> <span class='ocrx_word' id='word_1_525' title='bbox 1419 2066 1507 2095; x_wconf 84' lang='lat' dir='ltr'>Caraf.</span> <span class='ocrx_word' id='word_1_526' title='bbox 1519 2067 1592 2094; x_wconf 85' lang='lat' dir='ltr'>iuxta</span> <span class='ocrx_word' id='word_1_527' title='bbox 1606 2075 1696 2102; x_wconf 85' lang='lat' dir='ltr'>graec.</span> <span class='ocrx_word' id='word_1_528' title='bbox 1715 2070 1753 2092; x_wconf 79' lang='grc' dir='ltr'>καί</span> <span class='ocrx_word' id='word_1_529' title='bbox 1767 2068 1819 2092; x_wconf 77' lang='grc' dir='ltr'>ἄντι</span> <span class='ocrx_word' id='word_1_530' title='bbox 1833 2068 1920 2092; x_wconf 80' lang='grc' dir='ltr'>τούτων</span> 
     </span>
     <span class='ocr_line' id='line_1_102' title="bbox 1176 2112 1413 2148; baseline 0 -9"><span class='ocrx_word' id='word_1_531' title='bbox 1176 2120 1309 2148; x_wconf 84' lang='lat' dir='ltr'>expungg.</span> <span class='ocrx_word' id='word_1_532' title='bbox 1326 2112 1413 2147; x_wconf 77' lang='lat' dir='ltr'>quod.</span> 
     </span>
    </p>

    <p class='ocr_par' dir='ltr' id='par_1_35' title="bbox 1177 2160 1920 2242">
     <span class='ocr_line' id='line_1_103' title="bbox 1213 2160 1920 2198; baseline -0.004 -10"><span class='ocrx_word' id='word_1_533' title='bbox 1213 2161 1245 2188; x_wconf 83' lang='grc'>16</span> <span class='ocrx_word' id='word_1_534' title='bbox 1265 2160 1386 2188; x_wconf 87' lang='lat' dir='ltr'>Restitue</span> <span class='ocrx_word' id='word_1_535' title='bbox 1401 2169 1415 2188; x_wconf 92' lang='lat' dir='ltr'>e</span> <span class='ocrx_word' id='word_1_536' title='bbox 1429 2169 1503 2196; x_wconf 78' lang='lat' dir='ltr'>grec.</span> <span class='ocrx_word' id='word_1_537' title='bbox 1521 2161 1582 2189; x_wconf 86' lang='lat' dir='ltr'>lect.</span> <span class='ocrx_word' id='word_1_538' title='bbox 1599 2165 1613 2190; x_wconf 82' lang='grc' dir='ltr'><em>ἥ</em></span> <span class='ocrx_word' id='word_1_539' title='bbox 1626 2168 1654 2198; x_wconf 65' lang='grc' dir='ltr'>τῇ</span> <span class='ocrx_word' id='word_1_540' title='bbox 1671 2162 1772 2196; x_wconf 76' lang='grc' dir='ltr'>ὑμετέρα</span> <span class='ocrx_word' id='word_1_541' title='bbox 1787 2165 1920 2197; x_wconf 68' lang='grc' dir='ltr'><strong><em>ςτερεωθιῖη</em></strong></span> 
     </span>
     <span class='ocr_line' id='line_1_104' title="bbox 1177 2207 1796 2242; baseline 0.006 -12"><span class='ocrx_word' id='word_1_542' title='bbox 1177 2208 1300 2231; x_wconf 58' lang='grc' dir='ltr'>συναινέσαι</span> <span class='ocrx_word' id='word_1_543' title='bbox 1319 2208 1369 2234; x_wconf 82' lang='lat' dir='ltr'>aut</span> <span class='ocrx_word' id='word_1_544' title='bbox 1388 2209 1477 2235; x_wconf 83' lang='lat' dir='ltr'>vestro</span> <span class='ocrx_word' id='word_1_545' title='bbox 1495 2215 1632 2235; x_wconf 80' lang='lat' dir='ltr'>consensu</span> <span class='ocrx_word' id='word_1_546' title='bbox 1649 2207 1796 2242; x_wconf 78' lang='lat' dir='ltr'>firmetur.</span> 
     </span>
    </p>

    <p class='ocr_par' dir='ltr' id='par_1_36' title="bbox 1178 2254 1921 2337">
     <span class='ocr_line' id='line_1_105' title="bbox 1214 2254 1921 2292; baseline 0.001 -10"><span class='ocrx_word' id='word_1_547' title='bbox 1214 2256 1245 2283; x_wconf 87' lang='grc'>17</span> <span class='ocrx_word' id='word_1_548' title='bbox 1262 2254 1358 2282; x_wconf 87' lang='lat' dir='ltr'>Baron.</span> <span class='ocrx_word' id='word_1_549' title='bbox 1380 2258 1407 2282; x_wconf 89' lang='lat' dir='ltr'>et</span> <span class='ocrx_word' id='word_1_550' title='bbox 1426 2255 1514 2283; x_wconf 76' lang='lat' dir='ltr'>Caras.</span> <span class='ocrx_word' id='word_1_551' title='bbox 1534 2264 1674 2291; x_wconf 71' lang='lat' dir='ltr'>cztmque;</span> <span class='ocrx_word' id='word_1_552' title='bbox 1694 2256 1783 2284; x_wconf 88' lang='lat' dir='ltr'>minus</span> <span class='ocrx_word' id='word_1_553' title='bbox 1805 2259 1869 2292; x_wconf 86' lang='lat' dir='ltr'>apte</span> <span class='ocrx_word' id='word_1_554' title='bbox 1891 2260 1921 2284; x_wconf 86' lang='lat' dir='ltr'>ut</span> 
     </span>
     <span class='ocr_line' id='line_1_106' title="bbox 1178 2300 1528 2337; baseline -0.014 -8"><span class='ocrx_word' id='word_1_555' title='bbox 1178 2304 1262 2337; x_wconf 87' lang='lat' dir='ltr'>patet.</span> <span class='ocrx_word' id='word_1_556' title='bbox 1279 2300 1324 2328; x_wconf 90' lang='lat' dir='ltr'>Gr.</span> <span class='ocrx_word' id='word_1_557' title='bbox 1341 2300 1424 2328; x_wconf 87' lang='lat' dir='ltr'>hahet</span> <span class='ocrx_word' id='word_1_558' title='bbox 1439 2302 1528 2330; x_wconf 67' lang='grc' dir='ltr'><strong>ἐπειδὴ,</strong></span> 
     </span>
    </p>

    <p class='ocr_par' dir='ltr' id='par_1_37' title="bbox 1178 2349 1922 2564">
     <span class='ocr_line' id='line_1_107' title="bbox 1216 2349 1920 2387; baseline 0.003 -10"><span class='ocrx_word' id='word_1_559' title='bbox 1216 2351 1248 2378; x_wconf 86' lang='grc'>18</span> <span class='ocrx_word' id='word_1_560' title='bbox 1268 2349 1432 2378; x_wconf 87' lang='lat' dir='ltr'>Concinnius</span> <span class='ocrx_word' id='word_1_561' title='bbox 1451 2350 1484 2378; x_wconf 86' lang='lat' dir='ltr'>ad</span> <span class='ocrx_word' id='word_1_562' title='bbox 1498 2359 1539 2386; x_wconf 83' lang='lat' dir='ltr'>gr.</span> <span class='ocrx_word' id='word_1_563' title='bbox 1558 2360 1570 2377; x_wconf 86' lang='lat'>«</span> <span class='ocrx_word' id='word_1_564' title='bbox 1588 2351 1827 2387; x_wconf 79' lang='lat' dir='ltr'>quandoquidem</span> <span class='ocrx_word' id='word_1_565' title='bbox 1845 2351 1920 2379; x_wconf 77' lang='lat' dir='ltr'>sicut</span> 
     </span>
     <span class='ocr_line' id='line_1_108' title="bbox 1178 2396 1922 2432; baseline 0 -10"><span class='ocrx_word' id='word_1_566' title='bbox 1178 2396 1266 2423; x_wconf 80' lang='lat' dir='ltr'>semel</span> <span class='ocrx_word' id='word_1_567' title='bbox 1281 2404 1403 2430; x_wconf 82' lang='lat' dir='ltr'>peccare</span> <span class='ocrx_word' id='word_1_568' title='bbox 1418 2403 1503 2424; x_wconf 84' lang='lat' dir='ltr'>error</span> <span class='ocrx_word' id='word_1_569' title='bbox 1517 2398 1556 2424; x_wconf 83' lang='lat' dir='ltr'>est</span> <span class='ocrx_word' id='word_1_570' title='bbox 1569 2397 1656 2424; x_wconf 78' lang='lat' dir='ltr'>venia</span> <span class='ocrx_word' id='word_1_571' title='bbox 1670 2396 1786 2432; x_wconf 65' lang='lat' dir='ltr'>digmus,</span> <span class='ocrx_word' id='word_1_572' title='bbox 1802 2396 1843 2424; x_wconf 82' lang='lat' dir='ltr'>sic</span> <span class='ocrx_word' id='word_1_573' title='bbox 1862 2397 1922 2431; x_wconf 80' lang='lat' dir='ltr'>fre-</span> 
     </span>
     <span class='ocr_line' id='line_1_109' title="bbox 1179 2440 1921 2475; baseline -0.005 -8"><span class='ocrx_word' id='word_1_574' title='bbox 1179 2448 1268 2475; x_wconf 79' lang='lat' dir='ltr'>quens</span> <span class='ocrx_word' id='word_1_575' title='bbox 1284 2440 1475 2474; x_wconf 67' lang='lat' dir='ltr'>transgressio</span> <span class='ocrx_word' id='word_1_576' title='bbox 1491 2443 1565 2467; x_wconf 77' lang='lat' dir='ltr'>etc.»</span> <span class='ocrx_word' id='word_1_577' title='bbox 1581 2440 1659 2468; x_wconf 76' lang='grc' dir='ltr'>ἐπειδὴ</span> <span class='ocrx_word' id='word_1_578' title='bbox 1674 2443 1777 2474; x_wconf 76' lang='grc' dir='ltr'>καθὰπερ</span> <span class='ocrx_word' id='word_1_579' title='bbox 1792 2442 1921 2472; x_wconf 69' lang='grc' dir='ltr'>συγγνώμης</span> 
     </span>
     <span class='ocr_line' id='line_1_110' title="bbox 1180 2485 1921 2519; baseline -0.003 -10"><span class='ocrx_word' id='word_1_580' title='bbox 1180 2486 1234 2513; x_wconf 77' lang='grc' dir='ltr'>ἀξία</span> <span class='ocrx_word' id='word_1_581' title='bbox 1249 2485 1309 2509; x_wconf 79' lang='grc' dir='ltr'>ἐστὶν</span> <span class='ocrx_word' id='word_1_582' title='bbox 1325 2487 1338 2512; x_wconf 83' lang='grc' dir='ltr'>ἡ</span> <span class='ocrx_word' id='word_1_583' title='bbox 1353 2487 1427 2512; x_wconf 76' lang='grc' dir='ltr'>πλάνη</span> <span class='ocrx_word' id='word_1_584' title='bbox 1442 2487 1482 2510; x_wconf 81' lang='grc' dir='ltr'>τοῦ</span> <span class='ocrx_word' id='word_1_585' title='bbox 1495 2485 1556 2513; x_wconf 78' lang='grc' dir='ltr'>ἅπαξ</span> <span class='ocrx_word' id='word_1_586' title='bbox 1572 2485 1724 2519; x_wconf 75' lang='grc' dir='ltr'>ἁμαρτάνειν,</span> <span class='ocrx_word' id='word_1_587' title='bbox 1735 2485 1808 2513; x_wconf 82' lang='grc' dir='ltr'><strong>ὅυτως</strong></span> <span class='ocrx_word' id='word_1_588' title='bbox 1823 2487 1837 2512; x_wconf 82' lang='grc' dir='ltr'><em>ἡ</em></span> <span class='ocrx_word' id='word_1_589' title='bbox 1852 2488 1921 2515; x_wconf 77' lang='grc' dir='ltr'>συχνὴ</span> 
     </span>
     <span class='ocr_line' id='line_1_111' title="bbox 1180 2532 1424 2564; baseline 0.004 -11"><span class='ocrx_word' id='word_1_590' title='bbox 1180 2532 1312 2564; x_wconf 70' lang='grc' dir='ltr'>παράβασις</span> <span class='ocrx_word' id='word_1_591' title='bbox 1324 2540 1346 2556; x_wconf 74' lang='grc' dir='ltr'>κ,</span> <span class='ocrx_word' id='word_1_592' title='bbox 1362 2539 1386 2556; x_wconf 81' lang='grc' dir='ltr'>τ.</span> <span class='ocrx_word' id='word_1_593' title='bbox 1402 2532 1424 2556; x_wconf 83' lang='grc' dir='ltr'>λ.</span> 
     </span>
    </p>

    <p class='ocr_par' dir='ltr' id='par_1_38' title="bbox 1182 2572 1920 2654">
     <span class='ocr_line' id='line_1_112' title="bbox 1217 2572 1920 2610; baseline 0 -10"><span class='ocrx_word' id='word_1_594' title='bbox 1217 2574 1250 2600; x_wconf 79' lang='lat'>19</span> <span class='ocrx_word' id='word_1_595' title='bbox 1268 2573 1354 2609; x_wconf 87' lang='lat' dir='ltr'>Epist.</span> <span class='ocrx_word' id='word_1_596' title='bbox 1380 2573 1465 2602; x_wconf 87' lang='lat' dir='ltr'>robur</span> <span class='ocrx_word' id='word_1_597' title='bbox 1480 2573 1658 2610; x_wconf 82' lang='lat' dir='ltr'>apostolicum</span> <span class='ocrx_word' id='word_1_598' title='bbox 1675 2573 1783 2607; x_wconf 81' lang='lat' dir='ltr'>iterum,</span> <span class='ocrx_word' id='word_1_599' title='bbox 1807 2572 1920 2600; x_wconf 85' lang='lat' dir='ltr'>iterum-</span> 
     </span>
     <span class='ocr_line' id='line_1_113' title="bbox 1182 2617 1397 2654; baseline 0 -9"><span class='ocrx_word' id='word_1_600' title='bbox 1182 2626 1234 2653; x_wconf 83' lang='lat' dir='ltr'>que</span> <span class='ocrx_word' id='word_1_601' title='bbox 1250 2617 1397 2654; x_wconf 83' lang='lat' dir='ltr'>perpende.</span> 
     </span>
    </p>
   </div>
   <div class='ocr_carea' id='block_1_17' title="bbox 2143 0 2244 2723">
    <p class='ocr_par' dir='ltr' id='par_1_39' title="bbox 2143 0 2244 2723">
     <span class='ocr_line' id='line_1_114' title="bbox 2143 0 2244 2723; baseline 0 0"><span class='ocrx_word' id='word_1_602' title='bbox 2143 0 2244 2723; x_wconf 95' lang='lat' dir='ltr'> </span> 
     </span>
    </p>
   </div>
  </div>
 </body>
</html>
