2244 3183
72 239 124 265 An.
139 238 166 264 G.
189 238 240 264 490
891 236 916 259 s.
941 235 1034 259 mclx
1057 236 1092 259 ιιι
1113 235 1162 259 pr.
1701 222 1757 255 261

209 329 217 336 .
270 295 475 330 permonere.
500 285 747 319 Communicare
768 284 854 317 enim
869 283 1014 316 dileetio·
1048 289 1139 317 nesta
1152 283 1296 327 pericula
1312 282 1390 326 quid
1407 282 1539 326 prodest
1552 280 1688 314 evasisse
1700 290 1794 324 prae-

89 381 91 383 ·
125 353 154 373 za
169 352 255 378 postlla·
270 349 344 373 nem
370 345 457 373 tuam
481 339 512 372 in
542 339 688 384 partibus
713 337 850 372 Orientis
867 337 1016 370 adversa·
1049 335 1207 379 cipitium,
1223 335 1247 368 si
1268 335 1439 368 recedatur
1453 334 1483 367 in
1497 334 1706 367 barathrum?
1716 334 1794 367 Ante

72 379 256 427 'r'ssliasfflcllm'lssfii
271 392 327 425 riis
352 392 495 426 veritatis
522 393 663 437 primum
689 392 773 424 sama
804 390 934 431 detulit,
961 390 1016 424 de-
1049 389 1161 421 oculos
1182 398 1247 421 non
1261 388 1397 429 redibat,
1421 388 1508 432 quod
1529 397 1594 420 non
1614 388 1720 421 solum
1739 386 1795 430 qui

1050 452 1087 475 ea
1107 442 1238 482 faciunt,
1261 442 1316 474 sed
1337 441 1433 475 etiam
1455 441 1510 485 qni
1531 440 1736 475 consentiunt
1750 440 1795 473 fa-

73 435 136 453 ¹¹¹⁶³“
272 446 346 479 inde
366 445 585 490 plurimorum
609 444 724 478 relatio
744 454 809 478 non
834 444 1016 488 spernenda

1830 232 1879 258 An.
1896 233 1925 258 C.
1946 232 1995 264 490

1866 400 1960 421 facienti
1977 402 1996 420 et

1811 428 1951 448 consentienti
1961 432 1997 446 ea-

1812 454 1858 475 dem
1868 454 1983 474 damuatio*

97 1150 174 1171 felicis
180 1150 206 1170 ad
214 1154 260 1170 eum

76 1177 260 1198 vehementissima

76 1204 206 1225 adhortatio.

139 2003 230 2025 Nestorii
246 2006 267 2024 et

82 2030 266 2061 Euty-chisbaere⁴

81 2063 115 2078 ses
131 2060 204 2079 innuit.

271 499 439 544 patefecit:
460 499 548 543 quod
568 509 609 532 ne
622 504 743 532 temere
764 496 939 531 credidisse
957 507 1016 530 nos

272 564 398 596 arguas,
422 554 448 587 si
467 554 581 587 salsum
600 558 657 594 est,
681 552 767 596 quod
787 557 947 596 optamus,
976 551 1017 584 da

273 607 397 640 veniam
423 607 462 640 de
483 612 512 640 te
532 606 689 640 sollicitae
709 605 838 650 pietati;
861 604 886 638 si
905 615 1015 638 rerum

273 666 330 701 est,
363 660 471 704 accipe
502 660 659 701 salubria,
682 669 825 704 quaeso,
860 658 1019 703 patienter

273 714 451 747 amicorum
468 714 601 747 vulnera
618 713 853 756 castigantium,
879 712 933 756 qui
946 722 1019 756 per-

274 767 396 800 niciosa
427 766 540 800 subisti
570 766 752 800 amicorum
788 766 899 799 oscula
929 765 1020 798 blan—

275 819 467 854 dientiu1n¹.
488 821 534 854 Ita
552 831 592 853 ne
615 825 659 861 tu,
680 819 901 853 amantissime
922 825 953 852 et
973 818 1020 852 di-

275 874 458 916 lectissime,
486 874 670 908 adversaria
693 873 871 907 catholicae
889 873 1021 915 regulae

276 927 439 960 consortia
465 927 629 971 suscipere
656 926 805 971 potuisti,
830 931 1021 969 tantumque

275 981 363 1014 nefas
377 980 408 1013 in
430 985 459 1014 te
476 980 598 1013 invenit
615 980 775 1021 effectum,
798 979 886 1024 quod
906 979 955 1013 vel
969 989 1022 1012 co—

276 1034 487 1077 gitationibus
513 1033 574 1067 tuis
606 1033 762 1078 obrepere
789 1032 931 1077 potuisse
956 1043 1020 1066 non

277 1087 441 1121 creditur‘?
450 1088 538 1121 ltane
550 1093 583 1120 tu
593 1086 737 1129 delegisti
752 1086 929 1130 praesentis
944 1092 1023 1119 tem-

276 1141 364 1185 poris
396 1142 481 1174 serre
513 1140 746 1174 iucunditatem
763 1168 770 1181 ,
802 1140 904 1183 magis
925 1151 1021 1184 quam

277 1195 374 1238 affligi
402 1206 475 1229 eum
500 1195 622 1239 populo
648 1194 729 1228 Dei‘?
753 1194 864 1239 Stupet
881 1194 1020 1236 animus,

277 1259 368 1283 mens
376 1248 519 1282 sauciata
529 1248 723 1289 succumbit,
734 1248 913 1281 moerentia
925 1249 1024 1282 corda

277 1302 445 1343 deficiunt,
469 1313 529 1336 nec
549 1308 657 1336 tamen
671 1302 777 1336 dolori
799 1308 886 1336 tanto
907 1314 966 1347 par
979 1303 1024 1336 la-

276 1356 432 1390 mentatio
454 1356 625 1400 reperitur.
649 1356 762 1389 Nonne
783 1361 817 1389 tu
836 1356 889 1389 ille
907 1366 950 1397 es,
968 1355 1023 1400 qui

276 1409 392 1454 spretis
411 1419 524 1452 regum
542 1409 650 1450 minis,
667 1414 698 1443 et
718 1409 929 1443 saevientium
951 1409 1025 1442 bar-

276 1463 432 1496 barorum
461 1462 572 1495 feralia
605 1462 675 1495 iura
707 1462 900 1507 despiciens,
928 1463 1024 1496 simul

276 1516 414 1562 patriam
429 1543 436 1557 ,
456 1516 635 1557 facultates,
660 1522 691 1549 et
714 1516 848 1550 honoris
867 1517 1022 1551 sacerdo-

278 1569 350 1604 talis
377 1569 546 1614 privilegia
573 1569 707 1614 posuisti
723 1597 730 1610 ,
758 1575 794 1603 ut
814 1580 851 1603 ea
868 1576 1025 1615 perpetua

278 1623 424 1667 recipere
445 1623 600 1656 merearis
613 1623 645 1656 in
664 1622 789 1657 Christo
799 1624 814 1656 ’ἶ
831 1623 914 1662 Quid
928 1623 1027 1666 igitur

278 1688 365 1711 nunc
384 1677 533 1720 agimus‘?
553 1677 751 1712 Decolorasti
777 1677 926 1721 gloriam,
959 1678 1026 1712 vio-

279 1732 350 1766 lasti
370 1731 618 1773 consessionem,
632 1731 829 1776 intercepisti
842 1732 1022 1774 victoriam,

279 1791 466 1829 quantoque
494 1785 580 1829 apud
607 1785 826 1830 Apostolicam
848 1785 964 1819 Sedem
987 1786 1026 1820 de

281 1844 335 1873 tuo
355 1839 486 1872 nomine
507 1838 637 1880 fiducia,
655 1839 822 1883 gratiaque
848 1840 1023 1881 crescebat,

281 1898 369 1925 tanto
398 1902 485 1925 nunc
516 1892 639 1926 accedit
657 1892 840 1926 miseranda
865 1893 1023 1926 confusio.

281 1946 369 1980 Itane
383 1956 448 1979 non
460 1956 616 1987 senseras,
634 1946 721 1990 quod
736 1946 862 1980 duobus
874 1947 1028 1980 cornibus

282 2000 516 2045 praeludendo,
528 2010 594 2033 uno
608 2000 790 2045 eodemque
805 2006 951 2045 tempore
963 2011 1027 2035 non

282 2053 389 2087 minus
409 2053 441 2087 in
461 2053 603 2094 Oriente,
627 2064 724 2097 quam
746 2054 778 2087 in
799 2054 908 2088 Africa
922 2055 1027 2088 Iesum

282 2108 407 2142 solvere
428 2107 586 2141 niteretur
610 2107 868 2141 Antichristus&
893 2108 971 2142 Cum
998 2114 1029 2141 et

284 2160 328 2194 illi
353 2160 398 2194 sic
420 2161 521 2195 Deum
548 2162 719 2201 fateantur,
742 2167 777 2195 ut
797 2161 879 2196 Deus
896 2172 961 2196 non
975 2162 1026 2203 sit,

284 2220 316 2248 et
332 2214 382 2248 isti
404 2215 449 2248 sie
468 2214 633 2248 hominem
655 2215 855 2259 praedicent,
875 2221 910 2250 ut
922 2215 1029 2250 homi-

284 2278 358 2302 nem
383 2278 519 2302 vacuare
540 2268 746 2303 contendant.
773 2269 859 2303 Inter
879 2279 962 2314 quae
983 2270 1030 2303 su-

322 2403 332 2428 1
351 2401 409 2428 Vid.
428 2402 507 2428 Prov.
525 2407 605 2436 xxvn,
627 2410 652 2428 v.
672 2401 698 2428 6.

320 2445 337 2472 2
352 2445 412 2473 Vid.
431 2452 461 2477 11,
476 2445 571 2474 loann.
589 2452 606 2481 1,
624 2454 648 2473 v.
665 2446 691 2473 7.

1051 495 1227 535 cientibus,
1250 495 1349 528 simili
1370 495 1578 528 damnatione
1603 495 1796 527 censentur‘?

1051 549 1114 582 Vae
1141 549 1166 582 si
1198 548 1414 582 eruditionem
1446 553 1533 580 tuam
1555 554 1677 581 tantum
1704 547 1797 581 latuit

1051 603 1172 636 scelus!
1188 602 1250 635 Vae
1267 601 1406 645 amplius
1427 602 1452 634 si
1471 612 1536 635 non
1550 602 1680 642 latebat,
1699 607 1730 635 et
1744 612 1797 644 ge-

1052 662 1136 690 stum
1151 657 1213 689 est!
1234 656 1312 689 Nam
1334 655 1359 688 si
1378 654 1457 687 nihil
1479 655 1585 696 aliud,
1613 655 1675 688 boc
1694 665 1796 687 unum

1053 708 1218 743 dilectioni
1239 714 1313 742 tuae
1321 707 1425 753 potuit
1435 708 1475 741 ad
1485 708 1564 741 haec
1577 708 1798 751 praecavenda

1054 762 1213 802 sufficere,
1234 772 1274 795 ne
1295 767 1325 794 te
1344 761 1472 795 illorum
1493 760 1715 795 communioni
1733 760 1796 793 mi-

1054 827 1172 858 sceres,
1196 816 1314 860 quibus
1335 815 1599 848 communionem
1614 825 1703 848 suam
1717 814 1795 847 bea-

1055 877 1122 905 tum
1143 871 1274 904 Petrum
1295 879 1430 903 noveras
1451 869 1636 911 denegasse.
1652 867 1713 902 Sed
1727 878 1800 901 cum

1057 931 1085 958 te
1102 923 1270 968 seripturis
1287 923 1457 963 refertum,
1482 927 1512 955 et
1537 921 1696 955 catholiea
1712 921 1801 954 insti-

1057 978 1181 1012 tutione
1200 977 1377 1021 pollentem
1397 975 1600 1020 respicimus,
1617 980 1705 1008 tanto
1726 985 1801 1008 con-

1056 1030 1222 1065 solationis
1236 1030 1356 1063 exitum
1368 1039 1433 1062 non
1446 1028 1615 1069 habemus,
1637 1033 1758 1072 quanto
1773 1033 1802 1061 te

1057 1082 1804 1130 perpendimusscientempetiissefoederaper-

1058 1140 1212 1174 ditorum.
1242 1139 1323 1180 Quis
1340 1139 1448 1182 itaque
1468 1138 1558 1171 <labit
1576 1137 1677 1181 capiti
1696 1141 1804 1170 nostro

1057 1205 1177 1238 aquam
1197 1198 1225 1227 et
1246 1193 1348 1226 oculis
1365 1192 1485 1226 *nostris
1499 1192 1620 1235 fontem
1642 1191 1804 1234 lacryma-

1057 1258 1133 1281 rum
1145 1247 1174 1280 ³?
1189 1247 1280 1280 Nunc
1294 1257 1367 1280 vere
1385 1246 1425 1279 de
1438 1245 1543 1290 patria
1558 1244 1804 1278 conversatione

1059 1302 1235 1336 discessum
1261 1306 1327 1339 est:
1351 1309 1561 1333 nuncverum
1583 1298 1721 1332 sentitur
1740 1298 1805 1331 exi-

1059 1356 1154 1395 lium;
1184 1365 1259 1388 nam
1291 1354 1370 1387 illud
1402 1353 1513 1387 salutis
1538 1363 1633 1386 eausa
1658 1358 1716 1391 est,
1743 1352 1804 1386 hoc

1057 1409 1182 1443 ruinae.
1209 1409 1274 1442 Nec
1302 1417 1361 1441 nos
1390 1407 1531 1441 inaniter
1551 1406 1583 1440 in
1604 1412 1634 1440 te
1648 1416 1713 1440 uno
1733 1416 1805 1450 per-

1058 1463 1122 1508 peti
1136 1468 1252 1496 euncta
1262 1462 1434 1501 iactamus,
1452 1471 1525 1494 cum
1539 1460 1717 1494 secundum
1728 1470 1805 1504 apo-

1058 1516 1176 1550 stolum
1205 1521 1235 1549 et
1264 1515 1296 1548 in
1328 1514 1501 1548 cuiuslibet
1532 1513 1670 1547 membri
1701 1513 1806 1556 gloria

1059 1574 1175 1603 cuneta
1196 1568 1343 1602 membra
1368 1567 1603 1610 congaudeant,
1624 1572 1655 1600 et
1674 1566 1705 1599 in
1727 1577 1805 1610 qua-

1059 1634 1199 1666 cumque
1230 1628 1322 1667 parte
1348 1621 1494 1666 corporis
1519 1620 1671 1654 convulsa
1700 1619 1806 1653 omnis

1059 1687 1218 1721 compago
1243 1680 1375 1709 vexetur
1395 1675 1414 1707 ⁴.
1439 1675 1477 1708 Et
1508 1684 1566 1707 nos
1591 1673 1722 1717 quidem
1748 1683 1806 1717 pro

1060 1730 1187 1771 affeetu,
1218 1740 1314 1774 quem
1340 1728 1396 1762 tibi
1421 1728 1587 1769 debemus,
1615 1726 1806 1771 prudentiae

1062 1791 1134 1818 tuae
1159 1783 1338 1818 cruciatum
1364 1788 1551 1816 nostrorum
1574 1781 1730 1814 viscerum
1749 1780 1806 1814 du-

1060 1838 1164 1872 ximus
1178 1837 1406 1871 intimandum.
1421 1836 1507 1869 Tuae
1525 1834 1742 1869 conscientiae.
1759 1834 1807 1867 in-

1062 1891 1183 1932 tererit,
1203 1890 1482 1935 quemadmodum
1496 1889 1535 1923 ab
1549 1889 1599 1922 his
1612 1888 1736 1933 laqueis
1748 1898 1802 1921 exn

1061 1945 1166 1990 pediri
1188 1955 1254 1978 non
1275 1955 1403 1978 renuas.
1430 1943 1530 1978 Nobis
1550 1943 1635 1976 enim
1658 1942 1690 1975 in
1711 1947 1804 1975 utro-

1062 2010 1125 2044 que
1150 2000 1271 2033 sructus
1289 2009 1354 2032 non
1368 2008 1488 2031 vacuus
1508 1997 1579 2038 erit,
1602 1997 1627 2030 si
1649 1997 1698 2030 vel
1720 1997 1806 2040 quod

1062 2053 1230 2087 desideriis
1250 2052 1402 2086 omnibus
1427 2051 1650 2095 imploramus,
1675 2050 1714 2083 de
1735 2055 1808 2082 tuae

1062 2108 1174 2142 salutis
1194 2113 1225 2141 et
1246 2108 1350 2140 famae
1372 2104 1647 2148 redintegratione
1668 2104 1808 2146 gratule-

1063 2172 1157 2203 mur·,
1186 2161 1233 2195 vel
1259 2160 1284 2194 si
1312 2160 1400 2205 quod
1431 2159 1525 2199 absit,
1559 2163 1669 2191 nostra
1688 2157 1809 2201 scripta

1063 2214 1315 2260 contempseris,
1342 2212 1524 2247 adiuvando
1556 2211 1642 2245 fratri
1675 2210 1808 2243 minime

1063 2268 1202 2303 defuisse
1219 2268 1396 2301 videamur.

1098 2403 1115 2430 3
1136 2402 1282 2436 lere1n.ix‚
1300 2410 1325 2428 ν.
1346 2402 1369 2435 l,
1384 2400 1431 2428 ubi
1444 2399 1521 2436 Vulg.
1532 2407 1579 2436 pro
1595 2402 1704 2430 nostro,
1720 2401 1747 2425 et
1758 2406 1808 2424 ηο-

1063 2448 1131 2476 stris
1146 2448 1198 2483 leg.
1214 2455 1289 2480 meo,
1306 2450 1332 2473 et
1347 2446 1429 2474 meis.

1100 2493 1115 2519 4
1131 2492 1140 2519 l
1160 2491 1281 2520 Corinth.
1300 2498 1347 2526 xn,
1364 2500 1387 2517 v.
1411 2490 1455 2519 26.

1827 1310 1858 1330 Ob
1866 1310 1956 1330 Suet-oni
1962 1309 1966 1328 i
1973 1309 2006 1329 der

1821 1336 1934 1356 sectionem
1951 1341 2005 1355 sum-

1821 1369 1906 1389 mopere
1920 1364 2005 1387 anattur
