2244 3183
422 208 485 242 ⁹276

392 266 559 307 viantium,
589 274 617 300 et
646 268 801 301 laetitiam
823 268 937 311 recipit
957 268 996 301 de
1014 268 1135 302 eisdem

392 333 448 355 sua
470 321 713 365 praedicatione
741 321 896 354 correctis
921 321 938 354 ¹.
968 321 998 353 Si
1028 327 1135 355 autem

393 381 446 408 tua
467 375 616 412 charitas.
641 381 675 408 ut
693 375 782 415 dixit,
799 376 908 409 nescio
927 386 1064 419 quorum
1080 387 1136 409 ne-

393 428 540 461 cessitate
571 428 821 471 constringitur,
856 430 943 472 quod
971 430 1062 473 (pace
1085 435 1137 462 tua

392 481 541 523 dixerim)
554 482 706 514 sacerdos
724 492 782 524 pro
803 481 936 515 veritate
958 483 1137 525 promenda

392 546 450 569 nec
480 536 584 568 facere
613 536 745 568 deberet
777 536 910 569 omniuo
930 547 989 569 nec
1010 536 1134 575 dicere,

393 590 560 632 ignoscat²
584 589 678 622 nobis
703 589 890 623 bominibus
912 589 1134 629 tirnidissii‘nis,

393 645 418 677 si
439 649 624 677 coarctante
648 654 707 676 nos
726 644 859 676 terribili
884 649 915 676 et
935 643 1034 676 divini
1057 642 1139 676 iudi-

394 699 433 732 cii
448 698 561 742 grandi
587 697 787 738 necessitate,
816 697 1079 739 constringimur,
1096 697 1138 729 si-

394 759 447 786 cut
468 752 721 796 qualescumque
747 751 911 784 ministros
936 750 1051 783 Christi
1084 750 1139 783 de»

395 812 455 847 ret,
478 807 560 839 nos³
579 805 703 838 animas
724 811 849 838 nostras
869 815 990 848 ponere
1012 815 1070 847 pro
1088 815 1140 836 ve-

395 861 489 893 ritate
516 859 684 893 salvandas
700 886 707 899 ‚
731 869 828 902 quam
847 868 900 891 eas
921 857 1040 890 lucrari
1062 857 1141 890 velle

397 913 538 948 veritatis
560 912 776 946 diminutione
805 912 997 955 perdendas,
1022 916 1053 944 ut
1077 921 1140 943 non

397 968 515 1008 dicam,
539 972 652 1000 contra
673 966 769 999 tidem
790 965 889 998 libitis
907 964 1142 998 cuiuslibetab-

398 1022 561 1055 dicandas.
590 1022 670 1054 Istae
691 1019 769 1052 niilii
802 1025 876 1052 suut
901 1020 994 1062 (quas
1012 1018 1142 1051 dilectio

400 1082 453 1110 tua
478 1075 704 1117 commendat)
733 1079 838 1107 certae
866 1073 941 1106 fidei
966 1077 1143 1116 perpetuae

400 1139 473 1163 cum
498 1139 558 1169 eo,
583 1128 779 1171 quicumque
804 1126 952 1167 voluerit,
977 1126 1008 1157 in
1029 1125 1142 1159 Christi

399 1182 575 1216 visceribus
600 1181 772 1214 amicitiae.
805 1180 862 1213 llic
883 1190 947 1212 non
969 1185 1032 1212 tam
1055 1185 1144 1222 opta-

401 1247 471 1269 mus
485 1234 643 1280 praeponi
656 1234 737 1273 aliis,
759 1233 841 1267 sicut
853 1232 1031 1277 praedicas,
1047 1243 1142 1275 quain

401 1301 475 1324 cum
511 1289 663 1322 fidelibus
691 1287 815 1320 cunctis
843 1292 990 1320 sanctum
1020 1292 1049 1319 et
1080 1286 1145 1319 Deo

401 1343 554 1388 placitum
581 1342 701 1375 babere
722 1340 933 1374 consortium.
961 1340 1044 1373 Ilaec
1067 1339 1145 1371 mihi

402 1400 513 1442 (quam
539 1396 671 1429 mandat
697 1394 825 1428 dilectio
854 1398 922 1437 tua>
948 1404 1008 1437 pax
1029 1393 1143 1433 solida,

402 1451 590 1484 inconvulsa
615 1454 646 1483 et.
673 1448 843 1493 perennis:
868 1448 929 1481 hoc
949 1457 1051 1481 unum
1077 1446 1147 1478 vin-

403 1505 511 1538 culum
532 1503 628 1547 (sieut
656 1503 751 1536 etiam
777 1502 845 1545 ipse
867 1500 1043 1538 desideras)
1064 1500 1148 1533 salu-

404 1563 493 1595 tare,
530 1568 594 1601 quo
628 1562 742 1589 cuncta
767 1555 853 1588 uniri
874 1554 974 1598 possit
994 1553 1144 1586 Ecclesia.

404 1612 470 1644 lloc
494 1610 612 1655 quibus
641 1615 687 1643 est
717 1609 874 1642 creditum
908 1608 1003 1651 (sicut
1029 1613 1058 1640 et
1083 1607 1149 1650 ipse

405 1664 602 1708 deprecaris)
612 1663 768 1707 protectio
781 1662 887 1695 diviua
897 1661 1053 1706 perficiat.
1065 1661 1148 1693 llaec

405 1724 462 1759 est,
489 1728 574 1762 quac
600 1718 686 1750 Dans
704 1720 759 1755 est,
784 1715 949 1749 charitas⁴
967 1726 1064 1758 quam
1086 1725 1145 1758 po-

405 1772 466 1805 scis
490 1772 528 1804 (ἴε
552 1771 644 1803 corde.
670 1781 765 1814 puro,
797 1774 824 1802 ct
851 1769 1047 1802 conscientia
1068 1769 1149 1800 bona

406 1830 435 1858 vt
450 1825 513 1868 sicle
532 1835 597 1858 non
614 1824 719 1867 sicta?
737 1824 907 1862 Quomodo
921 1833 997 1865 ergo
1009 1822 1047 1854 cle
1060 1821 1151 1854 corde

405 1889 509 1922 puro,
541 1878 567 1911 si
599 1877 836 1910 baereticorum
865 1876 960 1909 fuerit
979 1875 1152 1919 participa—

409 1931 495 1964 tione
508 1930 652 1975 polluta‘?
664 1930 833 1970 Quomodo
849 1930 1044 1963 conscicntia
1056 1930 1148 1967 bona,

209 1979 394 2027 2‚.3.}³⁰2.¹.¹J„¹,¹f3¹‚‘[1‘1s.1
409 1985 434 2019 si
460 1985 619 2018 malorum
642 1984 737 2017 suerit
761 1984 950 2017 contusione
971 1982 1129 2026 permixta
1138 1984 1152 2013 ἱ)

210 2032 394 2080 fflssluunwha‘
410 2038 579 2077 Quomodo
603 2037 666 2080 sicle
685 2048 750 2070 non
776 2038 862 2079 licta,
890 2037 914 2069 si
940 2036 1037 2069 sueritv
1057 2035 1153 2068 mixta

411 2102 483 2124 cuin
505 2090 662 2134 perfidis?
683 2090 769 2129 Quae
787 2090 812 2122 si
833 2089 1006 2133 prudentia
1026 2095 1080 2121 tua
1100 2089 1153 2132 (si-

412 2150 465 2178 cut
485 2155 555 2177 eam
587 2148 773 2188 precamur)
795 2143 966 2185 diligenter
996 2143 1150 2183 advertat,

411 2198 565 2242 perspicit
585 2197 801 2241 Apostolicam
833 2197 947 2230 Sedem
969 2207 1034 2230 non
1055 2196 1153 2229 vitare

189 219 237 244 An.
260 218 287 244 C.
307 218 357 245 493

237 386 376 411 Euphemiam

193 413 311 433 socordiam
344 418 377 433 re-

194 439 277 464 probat.

234 1077 284 1098 Eius
295 1076 383 1097 consilia

200 1110 240 1130 ipsi
255 1103 356 1131 applicat.

448 2326 457 2351 1
478 2325 500 2351 11
517 2324 577 2351 Cor.
600 2332 637 2351 vn
658 2324 684 2357 8,
706 2324 732 2350 9.

447 2374 463 2400 2
483 2373 522 2400 ld.
541 2373 599 2401 cod.
620 2373 767 2408 ignoscite.

447 2423 463 2450 3
482 2422 525 2450 ΑΙ.
543 2427 617 2450 recte
626 2423 659 2450 ad
667 2426 861 2450 orat.context.
871 2424 1024 2457 nospottus
1033 2423 1152 2451 animas.

449 2475 464 2500 4
479 2474 490 2500 I
506 2473 598 2501 loann.
620 2480 657 2506 iv,
678 2473 703 2499 8.

449 2522 466 2548 5
481 2520 490 2548 1
506 2521 622 2548 Timotli.
640 2528 658 2555 ι,
673 2522 698 2548 5.

450 2572 466 2598 6
481 2572 521 2598 ΑΙ,
539 2580 599 2597 cum
616 2570 674 2598 cod.
694 2569 762 2597 1340
777 2572 845 2598 sorte
861 2571 957 2599 melius
972 2574 1116 2607 contciyz'a.

451 2620 465 2648 7
481 2620 521 2647 At.
539 2624 600 2656 apte
616 2620 649 2648 ad
664 2624 779 2648 context.
797 2623 961 2649 metuentes.

914 221 1075 245 APPENDIX
1096 221 1246 246 BULLARII
1267 222 1386 247 noiitANt

1940 221 1990 250 An.
2011 221 2039 249 C.
2055 220 2108 249 493

1168 280 1292 313 pacem,
1322 270 1376 303 sed
1405 270 1642 303 baereticorum
1668 271 1911 304 damnatorum-

1169 334 1231 366 que
1256 323 1355 357 vitare
1381 323 1514 366 vestigia
1527 323 1546 356 ἢ.
1569 324 1655 362 Quae
1676 324 1773 357 etiam
1794 335 1849 357 vos
1863 334 1913 357 ra-

1171 376 1370 410 tionabiliter
1391 377 1552 410 intuentes
1575 376 1595 417 ⁷,
1620 377 1750 411 creditis
1769 388 1913 411 commo·

1171 431 1314 462 nendum
1330 430 1488 474 populum
1506 429 1910 473 Constantinopolitanum‚

1171 493 1234 515 non
1256 483 1443 526 permittere
1463 483 1648 516 submoveri
1669 483 1802 516 nomine
1818 484 1914 527 perfi-

1173 537 1299 569 dorum.
1335 536 1488 575 Quisnam
1521 537 1582 570 lioc
1614 537 1646 569 in
1678 537 1820 570 Ecclesia
1844 537 1912 577 Dei,

1173 600 1292 633 quaeso
1314 596 1354 631 te,
1378 591 1478 634 possit
1496 591 1619 631 audire,
1637 601 1711 624 cuin
1728 590 1840 634 utique
1860 601 1916 635 pa·
1947 600 2053 630 capitem.
2066 605 2114 620 con-

1173 649 1293 676 storeni
1312 644 1401 687 sequi
1423 654 1499 686 grex
1519 645 1636 677 debeat
1649 644 1689 677 ad
1703 654 1822 688 pascua
1831 644 1916 677 salu·
1931 629 2052 680 'Slz'i‘sslffi
2081 632 2115 647 η’

1175 697 1253 730 taria
1275 703 1490 738 revocantem,
1514 708 1579 731 non
1599 709 1658 742 per
1675 698 1766 732 devia
1786 708 1916 741 gregem

1175 757 1284 795 pastor
1297 758 1459 785 errantem
1472 753 1486 784 ἱ)
1506 752 1564 785 Dic
1585 752 1676 791 mihi,
1693 762 1772 795 rogo
1787 758 1828 792 te,
1843 762 1919 794 grex

1175 815 1234 848 pro
1254 811 1293 845 te,
1318 815 1358 838 an
1378 810 1410 838 tu
1430 815 1489 848 pro
1508 815 1604 848 grege
1618 805 1804 839 redditurus
1825 816 1857 838 es
1870 815 1921 838 ra-

1177 858 1318 891 tionem?
1340 859 1431 892 Certe
1449 859 1473 891 si
1495 858 1583 892 robis
1597 859 1659 892 hoc
1678 859 1794 903 placet,
1818 858 1921 892 multo

1178 913 1278 955 inagis
1303 924 1399 946 causa
1418 919 1461 946 est
1485 913 1579 947 nobis
1600 913 1725 954 iustior,
1746 912 1801 956 qui
1818 923 1922 956 popu-

1177 967 1244 999 lum
1269 967 1452 1000 Romanum
1479 978 1496 999 a
1518 967 1580 1000 side
1601 966 1656 999 illa
1673 977 1741 1007 sua,
1766 965 1921 999 laudabili

1178 1020 1338 1053 maiorum
1373 1020 1545 1053 traditione
1569 1025 1733 1064 percepta,
1757 1019 1922 1053 declinare

1177 1084 1241 1106 non
1267 1073 1426 1107 sinentem
1452 1084 1510 1106 nos
1540 1073 1669 1117 penitus
1693 1072 1832 1106 libenter
1859 1083 1919 1106 au·

1179 1128 1328 1167 divinius,
1345 1128 1370 1160 si
1386 1138 1440 1161 vos
1451 1127 1841 1171 Constantinopolitanam
1855 1127 1923 1171 ple-

1179 1182 1250 1215 bem
1266 1182 1305 1214 ab
1326 1181 1489 1215 haeretica
1506 1181 1737 1215 communione
1757 1181 1923 1214 discedere

1181 1241 1382 1269 recusantem
1404 1245 1468 1268 non
1489 1235 1583 1268 vultis
1601 1235 1776 1268 offendere.

1223 1289 1285 1322 Sed
1311 1299 1370 1322 nos
1404 1289 1508 1322 dicitis
1541 1289 1659 1322 debere
1689 1288 1841 1331 dirigere,
1866 1289 1921 1333 qui

1181 1354 1250 1376 eain
1277 1343 1400 1376 valeant
1429 1342 1588 1385 mitigare.
1612 1342 1782 1381 Quomodo
1804 1352 1855 1375 me
1869 1352 1924 1375 au-

1182 1397 1286 1430 ditura
1315 1403 1378 1433 est,
1404 1407 1499 1440 quem
1526 1396 1652 1429 videtur
1676 1396 1796 1429 habere
1816 1406 1926 1440 suspe-

1182 1457 1284 1490 ctum,
1319 1450 1343 1483 si
1373 1450 1537 1494 praesules
1561 1459 1636 1483 suos
1661 1449 1795 1494 despicit
1815 1450 1927 1483 admo-

1183 1505 1316 1537 nentes?
1348 1504 1460 1537 Nonne
1490 1503 1567 1548 ipsis
1592 1504 1746 1548 apostolis
1767 1510 1815 1537 est
1833 1513 1927 1548 prae-

1183 1563 1323 1601 ceptum,
1362 1557 1393 1589 in
1430 1557 1593 1600 aliquibus
1631 1556 1818 1600 regionibus
1839 1556 1927 1590 verbi

1184 1610 1426 1655 praedicatione
1459 1621 1524 1643 non
1559 1610 1624 1651 uti,
1659 1610 1708 1643 liis
1739 1610 1860 1654 quippe
1895 1609 1927 1643 in
1967 1634 1971 1640 .

1185 1664 1300 1708 quibus
1318 1674 1382 1697 non
1405 1664 1532 1697 fuerant
1552 1663 1924 1704 audiendfflVeniemus,

1185 1718 1543 1762 l'ratei·Euplien1iane⁸‚
1557 1718 1625 1751 sine
1644 1717 1857 1758 dubitatione,
1873 1727 1927 1750 ve-

1186 1772 1311 1805 niemus
1332 1773 1371 1805 ad
1392 1772 1471 1805 illud
1491 1773 1672 1816 parendum
1688 1771 1829 1805 tribunal
1841 1771 1928 1806 Chri-

1186 1826 1224 1859 sti
1243 1827 1291 1863 (ut
1309 1834 1443 1866 taceam,
1467 1836 1549 1869 quae
1562 1836 1599 1859 ex
1611 1826 1671 1859 boc
1685 1825 1743 1859 sit⁹
1755 1825 1928 1859 metuenda

1186 1878 1338 1921 vindicta)
1359 1878 1642 1912 circumstantibus
1668 1878 1750 1919 illis,
1774 1888 1792 1911 a
1812 1878 1929 1922 quibus

1188 1933 1266 1965 tides
1285 1932 1353 1976 ipsa
1374 1938 1420 1965 est
1434 1932 1463 1964 ¹⁰.
1488 1932 1557 1965 Non
1576 1932 1640 1964 illic
1661 1931 1925 1972 inficiationibus,

1188 1996 1252 2018 non
1273 1986 1483 2019 dilationibus
1508 1984 1544 2025 ¹¹,
1568 1996 1634 2019 non
1659 1984 1929 2019 inclusionibus¹²

1188 2044 1234 2071 est
1258 2039 1439 2081 agendumss,
1474 2039 1527 2071 sed
1558 2037 1816 2071 manifestissime
1834 2047 1924 2071 com-

1189 2093 1407 2136 probandum,
1438 2098 1545 2125 utrum
1572 2093 1656 2126 beati
1678 2092 1763 2126 Petri
1789 2092 1930 2135 gloriosa

1189 2147 1345 2180 consessio
1367 2147 1517 2190 cuiquam
1536 2157 1661 2187 eorum,
1678 2157 1758 2190 quos
1772 2146 1930 2189 regendos

1188 2200 1322 2243 accepit,
1351 2200 1528 2244 quidquam
1557 2200 1753 2233 subtraxerit
1777 2200 1816 2233 ad
1847 2199 1931 2233 salu-

1966 1290 1988 1311 S.
2005 1290 2042 1315 Ap.
2056 1289 2121 1315 legati

1938 1322 1979 1338 non
1993 1316 2096 1337 mittendi.

1958 1980 1985 2010 ,Α
1996 1985 2019 2001 se
2034 1980 2127 2005 pertina-

1944 2012 1991 2037 ciae
2006 2009 2076 2028 notam
2095 2012 2127 2027 re-

1944 2035 1998 2054 neit.

1224 2326 1239 2351 8
1260 2326 1304 2352 Al.
1322 2333 1382 2352 cum
1400 2326 1445 2352 cit.
1467 2325 1528 2352 cod.
1545 2326 1700 2360 Euphemi.

1224 2375 1240 2401 9
1256 2374 1322 2402 Cod.
1335 2375 1435 2402 Veron.
1448 2375 1519 2409 quia
1534 2377 1559 2403 et
1572 2374 1618 2402 hic
1628 2375 1795 2408 metuenti&
1811 2374 1857 2402 sed
1869 2383 1932 2410 per-

1190 2431 1291 2458 peram,
1308 2428 1338 2451 ut
1352 2424 1468 2451 videtur.

1229 2474 1259 2500 10
1272 2474 1316 2500 ΑΙ.
1332 2474 1400 2509 fides
1424 2475 1480 2502 isla
1496 2473 1612 2508 defensa
1631 2476 1688 2506 est;
1702 2472 1800 2509 quibus
1812 2472 1857 2500 cit.
1870 2472 1930 2500 cod.

1190 2523 1287 2550 Veron.
1304 2527 1331 2550 et
1346 2524 1404 2549 Vat.
1425 2522 1491 2550 1340
1508 2522 1591 2558 probe
1606 2522 1765 2549 adhaerent.

1227 2575 1253 2600 ll
1273 2572 1337 2600 (lod.
1361 2573 1429 2601 1340
1443 2572 1647 2601 delationibus.

1226 2622 1255 2648 Γ).
1272 2621 1336 2649 Cod.
1353 2621 1449 2649 Veron.
1468 2625 1552 2656 reete,
1566 2620 1722 2656 invidetur,
1734 2621 1930 2649 illusionibus.
