2244 3183
296 178 346 204 An.
364 177 391 203 C.
408 178 459 204 453

334 397 436 419 Nonnulla
453 400 479 418 uli

295 424 343 444 tide!
384 431 479 445 reveren-

295 452 345 470 tiam
369 457 389 471 in
408 451 480 471 Ecule-

295 482 338 496 ‹iat-
381 479 480 498 ministris

294 506 341 523 suut
357 504 479 525 tolleranda.

322 928 351 948 De
367 930 480 950 monacho-

295 961 339 975 rum
359 954 478 977 Palestinae

295 981 480 1002 tumultuLeostu-

295 1008 355 1028 diosa
384 1009 478 1030 sciscita-

296 1037 334 1054 tur:

527 169 586 202 tto

1012 180 1024 201 Α
1031 178 1106 201 prm·
1112 178 1161 200 1)ῐῖ
1187 177 1336 201 BULLAntt
1357 177 1476 202 ROMANI

2037 178 2084 204 An.
2101 179 2129 205 c.
2151 179 2202 206 453
2222 162 2224 167 ’

495 224 1149 266 ctione,rost—centur,etatittinosumeiii
1165 235 1232 257 ccs-
1267 230 1302 257 ut
1325 224 1350 257 si
1371 235 1433 268 qua
1447 230 1584 267 estquae
1607 224 1690 256 utilis
1710 224 1865 264 videatur,
1888 236 2002 268 quam-

494 279 689 312 seriniariis.
706 280 782 312 Nam
798 278 882 322 apud
897 277 1088 311 catholicum
1104 277 1229 321 episco-
1267 277 1409 321 primum
1435 277 1475 310 ad
1499 287 1550 310 me
1586 276 1730 309 mittatur
1758 277 1935 311 instructio.
1963 279 2006 312 De

496 342 571 375 pum
602 332 726 364 etiamsi
744 331 751 347 ¹
774 336 841 364 erat
862 331 948 374 quod
969 341 1173 374 quacumque
1194 331 1232 363 de

496 396 590 418 causa
617 384 872 418 succensendum
899 383 1127 417 archidiacono
1148 383 1233 417 vide-

495 443 593 474 retur,
622 443 754 481 propter
774 436 849 469 fidei
881 437 1091 470 reverentiam
1123 437 1232 470 debuit

495 490 716 534 praetermitti,
740 490 846 534 potius
867 500 962 534 quam
984 491 1089 523 locum
1118 490 1230 523 catho-

495 543 545 576 lici
560 543 776 587 nequissimus
785 543 964 577 haereticus
976 543 1144 576 obtineret.
1155 543 1231 575 Cum

493 597 600 640 itaque
633 608 714 641 quae
746 602 922 640 sequantur
951 607 1122 639 agnovero,
1158 602 1233 629 tunc

495 650 691 683 manifestius
734 650 810 693 quid
843 650 892 692 agi
929 655 1094 694 oporteat,
1134 650 1230 683 aesti-

494 704 599 736 mabo.
616 704 693 736 Nam
715 703 843 736 interim
864 704 975 736 dolore
997 703 1150 743 cohibito,
1168 713 1234 735 ma-

495 756 562 790 lui2
581 757 748 799 indulgere
769 757 958 801 patientiae.
983 762 1017 789 ut
1036 757 1125 790 locus
1153 762 1234 789 esset

495 809 616 843 veniae.

540 863 612 897 (ΠΛΡ.
636 864 685 896 llI.
706 863 749 896 De
769 863 1039 896 Palaestinisvero
1052 864 1229 903 monachis,

495 916 549 961 qui
574 917 766 961 iampridem
796 917 827 949 in
857 917 995 950 tumultu
1028 917 1233 951 dissensionis

495 980 562 1003 esse
583 970 744 1010 dicuntur,
759 980 822 1013 quo
843 970 948 1003 adhuc
962 970 1070 1003 animo
1085 981 1234 1004 movean-

495 1028 556 1063 tur,
580 1023 703 1066 ignoro.
737 1024 845 1067 Neque
866 1024 1053 1067 cuiusquam
1086 1035 1234 1058 sermone

495 1077 573 1109 mihi
588 1078 781 1120 patefactum
800 1083 857 1117 est,
879 1087 958 1120 quas
979 1087 1089 1110 causas
1107 1077 1233 1111 videan-

494 1136 546 1163 tur
560 1131 715 1164 antefatae
732 1131 895 1174 praeferre
913 1130 1110 1164 discordiae:
1126 1137 1232 1164 utrum

493 1184 615 1217 scilicet
639 1183 853 1228 Eutycliianae
881 1184 1081 1227 perversitati
1108 1184 1160 1216 tali
1185 1185 1234 1217 su-

496 1247 570 1270 rore
591 1237 804 1272 famulentur:
833 1247 872 1269 an
898 1237 1144 1281 implacabiliter
1179 1238 1235 1271 do-

494 1290 580 1322 leant
598 1290 784 1334 episcopum
805 1300 898 1323 suum
920 1289 951 1322 in
979 1290 1061 1323 hanc
1082 1290 1231 1334 impieta-

497 1348 558 1376 tem
573 1343 715 1387 potuisse
728 1344 738 1358 ³¹
757 1343 891 1384 traduci,
913 1345 1000 1388 quod
1019 1351 1129 1378 contra
1151 1345 1236 1388 ipso-

494 1407 566 1430 rum
612 1397 756 1430 locorum
802 1403 986 1431 sanctorum
1029 1398 1231 1440 testimonia,

494 1450 611 1494 quibus
632 1456 716 1484 totus
743 1452 883 1493 mundus
918 1452 1098 1493 instruitur,
1123 1452 1161 1486 ab
1186 1453 1236 1486 ln-

494 1504 687 1537 carnationis
725 1505 907 1538 dominicae
934 1506 1064 1539 veritate
1095 1506 1235 1540 descive-

493 1557 548 1597 rit3
578 1563 606 1590 et
636 1558 722 1601 quod
751 1558 783 1590 in
814 1558 883 1591 aliis
914 1562 972 1602 per
1003 1559 1235 1601 indulgentiam

494 1610 599 1644 curari
613 1611 744 1654 placuit,
767 1611 796 1643 in
811 1611 866 1644 illo
883 1617 998 1655 putent
1015 1623 1078 1645 non
1100 1623 1166 1645 esse
1185 1624 1236 1646 ve-

494 1664 587 1697 niale.
617 1665 706 1698 Unde
728 1664 823 1708 cupio
849 1676 900 1698 me
921 1676 1017 1709 super
1037 1665 1085 1698 his
1109 1666 1235 1710 plenius

494 1717 634 1754 edoceri,
658 1723 693 1750 ut
711 1717 806 1750 etiam
826 1718 935 1750 talium
952 1718 1143 1751 correctioni
1157 1729 1234 1752 con-

494 1781 573 1813 grue
598 1771 778 1804 studeatur:
805 1771 880 1814 quia
914 1771 1000 1805 aliud
1039 1778 1085 1805 est
1122 1779 1234 1806 contra

494 1822 591 1856 fidem
625 1823 723 1867 impie
748 1824 878 1864 armari,
906 1824 992 1857 aliud
1013 1835 1072 1868 pro
1092 1825 1155 1859 lide
1176 1826 1235 1858 im-

494 1878 693 1911 moderatius
715 1879 911 1912 commoveri
923 1879 943 1912 ”·.
969 1880 1098 1913 Chartas
1124 1880 1230 1921 etiam,

494 1941 573 1974 quas
584 1931 693 1965 Aetius
713 1932 898 1976 praesbyter
911 1938 983 1965 ante
1003 1933 1153 1966 indicavit
1167 1945 1234 1967 esse

495 1984 643 2021 directas,
661 1990 691 2017 et
720 1984 917 2018 Breviarium
939 1985 1026 2025 fidei,
1050 1997 1114 2029 quo
1130 1993 1157 2020 te
1177 1987 1234 2019 mi-

494 2038 570 2071 sisse
596 2037 768 2080 significas,
797 2039 935 2072 necdum
961 2040 1001 2072 ad
1025 2050 1077 2072 me
1108 2040 1234 2074 noveris

494 2092 686 2135 pervenisse.
704 2093 805 2133 Unde,
828 2092 853 2125 si
868 2093 1073 2137 expeditioris
1087 2094 1212 2128 occasio
1225 2095 1234 2110 ⁵

495 2155 527 2178 se
545 2146 733 2189 praebuerit
753 2146 934 2189 perlatoris,
955 2146 1092 2181 libenter
1116 2147 1231 2185 liabeo,

533 2252 540 2276 t
563 2259 572 2275 α
592 2250 673 2278 Codd.
703 2251 759 2279 Vat.
775 2260 836 2278 eum
851 2255 903 2278 vet.
922 2252 984 2279 edit.
1002 2252 1105 2288 legunt:
1120 2253 1236 2280 etiamsi

495 2293 558 2318 erat
572 2294 720 2326 utcumque
735 2292 817 2319 decus
827 2293 1012 2327 sacerdotale,
1028 2293 1171 2321 sacerdoli
1184 2302 1235 2320 ar-

494 2331 680 2358 chidiaconus
698 2335 820 2366 propter
841 2333 909 2367 fidei
924 2334 1115 2361 reverentiam
1139 2334 1235 2362 debuit

491 2371 654 2405 praemitti,
682 2372 777 2405 potius
806 2381 903 2407 quam,
925 2376 976 2400 etc.
995 2383 1019 2400 ι).
1035 2373 1153 2400 Cacciar.
1175 2373 1192 2400 l.
1209 2382 1233 2401 c.

496 2410 641 2446 Perperam
657 2411 690 2438 ad
706 2416 774 2438 orat.
793 2416 956 2440 contextum.

530 2456 546 2482 2
563 2464 575 2480 α
600 2455 663 2482 Cod.
696 2456 818 2483 Siehard.
846 2458 949 2485 malim

496 2490 578 2518 Recte
593 2491 626 2518 ad
642 2499 713 2519 sens.
730 2500 757 2518 n.
774 2492 791 2518 l.

531 2535 547 2562 3
566 2545 578 2560 ι
594 2535 668 2571 Vulg.
690 2536 753 2563 edit.
772 2540 798 2563 et
811 2545 872 2565 mss.
893 2538 1001 2574 plerisq.
1014 2547 1096 2575 posse
1110 2549 1120 2566 ι
1138 2539 1234 2568 Baller.

497 2579 546 2607 col.
564 2580 640 2608 1192.
654 2580 724 2608 Sane
738 2589 890 2618 perperam.

969 2469 993 2484 u.
1021 2458 1143 2486 Ballerin.
1168 2459 1186 2486 l.
1210 2467 1232 2486 c.

1267 330 1420 375 :Egyptiis
1440 329 1607 363 monachis
1619 340 1714 372 quam
1728 330 1839 374 quieti,
1851 337 1904 364 aut
1917 332 2006 366 cuius

1267 383 1330 416 sint
1349 383 1435 420 fidei,
1463 383 1543 416 scire
1561 382 1709 416 desidero
1723 411 1730 423 ,
1759 389 1790 417 et
1809 384 1847 417 de
1865 386 2003 418 Alexan-

1268 436 1378 469 drinae
1398 436 1557 469 Ecclesiae
1576 446 1654 479 pace
1679 436 1756 480 quid
1782 437 1820 469 ad
1846 448 1900 470 vos
1926 439 2007 472 veris

1267 490 1392 523 nunciis
1420 490 1617 533 perferatur:
1640 490 1679 522 ad
1705 490 1795 523 cuius
1820 490 2007 535 episcopum

1267 544 1315 576 vel
1333 543 1535 577 ordinatores
1552 542 1662 586 ipsius,
1682 554 1737 576 seu
1760 544 1904 586 clericos,
1921 556 2004 588 qua-

1267 596 1309 628 lia
1334 595 1451 639 scripta
1487 595 1671 636 direxerim,
1706 596 1810 629 missis
1840 598 2003 641 exempla-

1268 649 1355 682 ribus
1375 649 1456 681 s‹:ire
1477 655 1506 681 te
1527 649 1623 682 rolui.
1648 650 1694 682 Ad
1720 650 2006 684 clementissimum
2125 693 2128 696 .
2227 692 2230 695 ¹

1268 712 1396 745 quoque
1431 701 1634 745 Principem,
1663 708 1694 735 et
1724 703 1763 735 ad
1800 703 2004 746 religiosissi-
2022 693 2207 741 ἓῖιὲὗῖῘ-ῗηῖζηιῖἷ
2225 729 2237 746 ι,

1269 765 1353 787 mam
1375 756 1550 796 Augustam
1578 755 1649 798 quis
1678 765 1763 788 nunc
1790 766 1879 790 meus
1901 767 2007 791 sermo
2023 747 2125 773 ‘³¹⁰¹¹¹¹'¹³'

1267 808 1307 841 sit
1331 808 1463 848 missus,
1488 808 1609 841 directa
1626 808 1636 824 ⁶
1668 809 1864 852 exemplaria
1888 810 2007 853 perdo-

1269 861 1396 895 cebunt.
1974 905 1978 909 .
2224 897 2235 905 „

1313 915 1385 948 Car.
1410 915 1457 948 IV.
1482 914 1594 949 [trum
1616 921 1722 948 autem
1745 916 1881 960 epistola
1901 927 1973 950 mea
1984 918 2005 958 ⁷,
2050 932 2207 957 Timet,ne1u·

2060 346 2103 367 hec
2122 352 2163 367 nou
2178 347 2204 368 da
2223 345 2227 351 '

2020 372 2094 398 Egypti
2103 373 2206 398 monach..

2021 432 2048 446 na
2059 426 2162 446 Ecclesia.

2022 959 2080 980 liano
2099 959 2197 980 transmis
2231 969 2239 978 s

1268 979 1363 1012 quam
1375 969 1413 1002 de
1425 968 1656 1002 incarnationis
1671 969 1851 1003 dominicae
1865 970 1940 1010 fide,
1961 970 2009 1003 in·
2023 991 2068 1006 sum
2083 986 2165 1012 eptstot.
2180 970 2208 1006 ati
2230 981 2244 1017 .†

2023 1013 2059 1033 Fla
2064 1012 2119 1033 vian.
2139 1017 2208 1033 uem-
2230 1022 2237 1030 π

1269 1021 1387 1054 columi
1399 1022 1504 1055 adhuc
1518 1028 1644 1055 sanctae
1655 1023 1832 1056 memoriae
1846 1023 2008 1065 Flaviano,
2024 1039 2069 1068 piar
2086 1039 2150 1060 ruera
2165 1041 2205 1060 ira·
2227 1062 2231 1063 ⁷

1268 1075 1308 1107 ad
1329 1075 1533 1108 dilectionem
1560 1084 1647 1108 tuam
1672 1087 1730 1120 per
1761 1076 1913 1110 Basilium
1940 1077 2009 1111 dia·
2024 1065 2096 1086 ‘mum‘
2236 1071 2237 1074 ¹

1269 1137 1386 1160 conum
1407 1128 1569 1168 miseram,
1591 1129 1780 1162 traternitati
1802 1135 1874 1163 tuae
1893 1130 2009 1165 tradita

1269 1180 1319 1220 sit,
1351 1180 1433 1213 scire
1458 1180 1624 1214 desidero:
1649 1182 1803 1225 quoniam
1824 1188 2008 1226 suspectum

1269 1232 1383 1274 habeo,
1408 1234 1496 1277 quod
1527 1234 1566 1266 de
1602 1234 1670 1267 eius
1700 1240 1785 1268 textu
1805 1235 1930 1269 nullum
1950 1246 2010 1270 un-

1269 1297 1366 1330 quam
1388 1286 1543 1320 indicium
1564 1287 1742 1321 reddidisti.
1766 1289 1936 1322 Gestorum
1960 1300 2010 1334 sy-

1269 1339 1446 1380 nodalium,
1471 1351 1554 1384 quae
1574 1341 1724 1374 omnibus
1749 1342 1861 1375 diebus
1881 1343 2009 1376 concilii

1270 1392 1302 1426 in
1319 1393 1572 1427 Chalcedonensi
1597 1394 1724 1428 civitate
1751 1395 1896 1428 confecta
1920 1401 2005 1436 sunt,

1268 1456 1384 1490 parum
1399 1447 1484 1480 clara
1502 1452 1634 1491 propter
1646 1447 1774 1490 linguae
1792 1448 2008 1482 diversitatem

1269 1499 1353 1543 apud
1367 1509 1425 1533 nos
1442 1500 1579 1533 habetur
1596 1500 1772 1534 instructio.
1796 1501 1833 1534 Et
1853 1501 1925 1534 ideo
1946 1501 2009 1535 sra-

1271 1553 1408 1586 ternitati
1443 1559 1513 1586 tuae
1545 1553 1726 1597 specialiter
1750 1554 1894 1597 iniungo,
1917 1560 1953 1588 ut
1975 1554 2008 1588 in

1270 1617 1368 1638 unum
1399 1605 1543 1639 codicem
1572 1607 1721 1640 universa
1746 1607 1841 1640 t'acias
1873 1617 2008 1650 congre·
2023 1621 2122 1642 nonensis
2142 1622 2207 1643 rauna
2231 1619 2233 1622 ⁴

1268 1660 1348 1701 gari,
1370 1659 1401 1692 in
1422 1660 1558 1693 latinum
1579 1660 1699 1694 scilicet
1712 1671 1894 1694 sermonem
1915 1661 2008 1695 abso·
2022 1648 2131 1670 'eddam'

1268 1713 1424 1746 lutissima
1445 1713 1710 1757 interpretatione
1730 1714 1897 1748 translata:
1921 1720 1957 1748 ut
1975 1714 2008 1747 in

1268 1767 1355 1799 nulla
1380 1773 1469 1810 parte
1490 1766 1653 1800 actionum
1675 1767 1822 1801 dubitare
1836 1767 2005 1812 possimus,

1267 1830 1372 1863 neque
1393 1820 1460 1852 ullo
1475 1820 1572 1853 modo
1592 1830 1660 1853 esse
1684 1820 1786 1864 possit
1805 1820 2006 1863 ambiguum,

1268 1873 1355 1916 quod
1379 1874 1419 1906 ad
1444 1874 1572 1916 plenam
1596 1873 1841 1916 intelligentiam
1867 1873 2009 1907 tefuerit

1267 1927 1414 1959 studente
1438 1927 1641 1969 perductum.

2049 1568 2166 1590 Mandarai
2174 1575 2208 1595 sy·
2225 1554 2237 1591 ἵῐ

2022 1595 2090 1616 nodus
2120 1595 2207 1616 Chalce-
2231 1595 2239 1612 Ἀ

1310 2007 1377 2040 Dat.
1406 2006 1519 2049 quinto
1544 2006 1616 2040 idus
1640 2007 1753 2048 Martii,
1774 2006 1920 2051 Opilione
1939 2006 2008 2041 viro

1268 2065 1446 2100 clarissimo
1467 2067 1609 2100 consule.

1304 2146 1361 2173 Dat.
1379 2146 1421 2173 die
1439 2147 1470 2173 11
1493 2146 1590 2182 Martii,
1610 2155 1654 2175 an.
1675 2146 1736 2174 453.

1304 2243 1318 2272 4
1338 2256 1349 2270 «ι
1365 2245 1426 2272 Vet.
1442 2244 1507 2272 edit.
1524 2253 1584 2272 cum
1597 2245 1718 2272 nonnull.
1736 2253 1799 2272 mss.
1817 2245 1901 2273 aliud
1916 2245 1947 2272 in
1960 2253 2008 2273 er·

1268 2293 1333 2313 rore
1348 2286 1507 2320 quempiam
1523 2285 1648 2312 detineri
1661 2296 1686 2311 ».
1697 2285 1795 2313 Baller.
1814 2285 1831 2312 l.
1846 2294 1868 2312 c.
1887 2288 1916 2313 et
1929 2285 2008 2313 Cacc-

1269 2333 1328 2361 png.
1343 2325 1404 2352 339.
1422 2325 1461 2352 Ad
1475 2329 1543 2353 orat.
1561 2329 1678 2353 context.
1695 2334 1758 2353 sane
1773 2333 1924 2362 perperam.

1303 2371 1319 2397 5
1335 2379 1347 2396 ιι
1364 2371 1426 2397 Ant.
1453 2370 1519 2398 edit.
1537 2379 1598 2398 cum
1626 2371 1736 2407 plerisq.
1764 2379 1828 2398 mss.
1848 2371 2009 2405 expeditior

1269 2411 1378 2438 occasio
1396 2420 1418 2436 i>.
1437 2410 1564 2439 Ballerin.
1581 2414 1608 2438 et
1622 2411 1741 2438 Caeciar.
1756 2410 1784 2438 ll.
1800 2419 1840 2438 cc.

1304 2455 1320 2481 6
1344 2465 1355 2479 ι(
1370 2454 1411 2482 ΑΙ.
1428 2455 1517 2483 missa
1532 2455 1714 2491 eaeemplarz'a
1728 2454 1890 2482 ».Ballerin.
1907 2458 1934 2482 et
1942 2454 2008 2483 Cac-

1269 2494 1334 2522 ciar.
1351 2494 1377 2521 ΙΙ.
1394 2502 1433 2521 cc.
1450 2495 1532 2523 Male.

1305 2539 1320 2565 7
1344 2538 1468 2567 Innuitur
1487 2539 1616 2576 epistola,
1632 2548 1712 2576 quam
1731 2548 1790 2576 sup.
1812 2547 1886 2568 num.
1901 2545 1944 2568 χιιι
1958 2539 2008 2568 de-

1270 2583 1368 2619 dimus,
1384 2592 1443 2621 pag.
1456 2585 1499 2612 41.

2020 405 2046 419 ac
2054 399 2205 421 ‹teAtcxandi-i-
2230 400 2233 403 ’

2079 667 2205 688 Litterarum
2236 674 2237 679 ι
