2244 3183
257 224 306 251 An.
322 226 350 252 C.
371 225 420 252 517

282 711 342 735 tvans
352 711 378 730 ait
389 710 438 730 tulvi

257 739 358 757 unitatem
371 740 438 757 rudu-

256 764 354 784 amnium
368 765 438 789 impol-

272 1349 400 1379 ¹Namerror
415 1355 438 1369 o-

257 1382 311 1396 vium
333 1382 352 1396 111
369 1378 438 1401 pastu-

255 1409 289 1422 res
304 1402 385 1423 recnlit.

486 216 549 250 398
980 227 1133 249 APPEanx
1159 225 1309 250 neeman
1327 227 1448 251 nomm
1994 227 2043 253 An.
2059 226 2087 253 c.
2108 228 2158 256 517
2180 214 2181 218 ’
2202 224 2237 269 ᾖ

455 275 545 307 enixe
566 285 678 307 omnes·
696 275 784 306 decet
808 274 1019 317 proanimae
1040 285 1115 306 suae
1140 285 1190 306 sa-

456 328 519 360 lute
540 339 677 364 serrare,
703 333 735 359 nt
757 327 984 359 mandatorum
1007 326 1190 359 caelestium

454 381 624 424 disciplina
649 391 712 412 non
746 380 852 413 alieno
883 380 1011 420 studio,
1039 381 1094 413 sed
1123 380 1192 423 ipso

455 433 542 465 vobis
564 434 697 465 clareret
725 432 828 465 inesse
848 433 1028 476 proposito.
1049 434 1126 466 Nam
1153 433 1192 465 li-

454 494 503 519 cet
523 487 617 519 laude
639 497 702 518 non
728 492 846 525 careat,
883 486 937 529 qui
966 486 1060 519 bonis
1081 487 1189 520 eonsi-

453 540 503 572 liis
524 540 735 579 obsecundat,
770 545 857 572 tanto
889 544 1059 573 esttamen
1086 540 1194 584 potior

455 593 485 624 in
500 592 625 624 honore
639 592 825 635 sapientiae,
839 592 892 635 qui
906 593 1072 636 praevenit
1092 598 1189 633 recta,

454 657 550 689 quani
572 646 626 689 qui
648 646 793 689 sequitur
822 646 977 686 instituta,
1006 651 1127 690 quanto
1148 651 1193 680 est

455 699 609 732 illustrius
630 700 758 740 docere,
775 711 871 743 quam
888 700 1011 733 discere
1029 699 1047 732 ¹.
1069 700 1190 733 Recor-

454 753 548 785 detur
568 752 790 796 unusspiisque
826 753 856 784 in
886 763 949 796 qua
981 752 1150 785 vocatione
1177 764 1194 785 a

455 805 591 838 Domino
611 806 651 838 sit
672 811 812 843 vocatus,
848 812 878 838 et
906 806 983 849 quid
1013 806 1051 838 ab
1083 816 1121 839 eo
1143 817 1195 839 ex-

455 864 613 902 pectetur,
644 859 787 892 advertat
807 860 827 891 ².
853 859 1002 892 Miserum
1033 864 1079 892 est
1111 859 1194 892 intra

455 912 606 946 meritum
630 913 735 946 iacere
755 913 924 957 propositi,
949 923 1021 946 cum
1043 913 1086 953 id,
1108 913 1194 956 quod

454 966 635 1009 praefertur
655 965 797 1006 nominc,
820 976 885 998 non
897 965 1078 999 ostenditur
1097 965 1195 999 aetio-

454 1030 503 1051 ne.
540 1019 652 1061 Magna
685 1019 863 1052 meruimus
877 1046 889 1061 ,ι
918 1018 943 1051 si
969 1018 1055 1062 quod
1087 1018 1194 1051 indul-

455 1078 485 1105 ta
504 1073 515 1088 ³
536 1073 710 1116 postulant,
751 1073 952 1116 impleamus.
986 1071 1045 1110 Qui
1084 1083 1117 1104 se
1155 1072 1194 1105 ad

453 1126 631 1169 pascendas
662 1125 816 1158 dominici
849 1125 955 1167 gregis
983 1136 1057 1158 oves
1078 1125 1196 1167 gaudet

453 1179 622 1219 adscitum,
651 1179 771 1221 cogitet
791 1179 829 1211 de
850 1178 1023 1211 commissa
1043 1178 1104 1211 sibi
1130 1189 1191 1220 gu-

453 1232 643 1264 bernatione
665 1231 833 1264 iudicium.
858 1231 996 1273 Pervigil
1011 1231 1195 1264 adhihenda

454 1285 553 1317 tutela
574 1291 640 1323 est,
676 1284 896 1317 continuanda
920 1284 1087 1317 custodia:
1131 1295 1194 1318 non

455 1338 581 1370 dandus
607 1337 691 1380 lupis
716 1336 886 1380 rapacibus
907 1337 1008 1377 locus,
1033 1348 1096 1370 non
1122 1337 1196 1371 ullis

455 1390 580 1423 casibus
602 1390 845 1433 relinquendus,
869 1389 945 1433 quia
962 1391 1126 1432 neglectus
1147 1402 1196 1424 er-

454 1455 509 1476 ror
536 1444 644 1477 ovium
670 1444 763 1487 culpa
784 1449 952 1487 pastorum
979 1449 1036 1478 est.
1069 1444 1192 1486 Veniet,

455 1498 509 1542 qui
530 1497 672 1530 rationes
692 1497 834 1531 creditae
855 1497 1106 1541 dispensationis
1124 1509 1196 1531 exa-

455 1551 566 1585 minet.
590 1551 740 1585 Omnium
762 1551 893 1595 quidem
915 1556 1040 1584 constat
1056 1562 1124 1584 esse
1141 1551 1193 1584 iu-

454 1605 595 1645 stitiam,
624 1616 683 1638 nee
718 1605 774 1638 ulli
800 1605 990 1649 impunitam
1030 1605 1193 1638 licentiam

454 1664 565 1701 patere
586 1657 753 1702 peccandi.
778 1658 839 1691 Sed
861 1658 916 1701 qui
937 1659 1055 1699 gradus
1076 1658 1197 1692 neseiat

455 1722 523 1744 esse
560 1711 762 1749 meritorum,
797 1717 827 1744 et
858 1711 940 1744 sicut
968 1722 1033 1745 non
1065 1723 1167 1755 aeque
1186 1712 1196 1728 ⁴

454 1764 611 1808 praemia,
636 1765 677 1797 ita
695 1765 821 1797 diversa
838 1775 906 1798 esse
919 1764 1096 1808 supplicia?
1116 1765 1195 1797 Mul-

454 1818 642 1862 tiplieantur
660 1818 837 1852 scientibus
856 1819 991 1862 plagae:
1014 1830 1116 1862 pauca
1138 1820 1195 1852 ssa-

455 1873 538 1914 gella
557 1873 711 1915 leguntur
730 1872 886 1905 inscitiae.
910 1872 1001 1911 Quod
1021 1872 1047 1905 si
1069 1873 1111 1905 ita
1136 1878 1193 1913 est,

454 1925 546 1959 sicuti
568 1937 636 1959 esse
665 1936 730 1958 non
757 1925 893 1959 dubium
925 1931 984 1966 est,
1009 1925 1196 1959 existiman-

495 2026 501 2049 Ι
523 2023 643 2050 Erronee
664 2023 723 2050 cod.
744 2023 805 2050 4961
825 2032 915 2058 {sitam
928 2023 1033 2052 dicere.

490 2069 506 2094 2
522 2067 530 2095 l
542 2067 665 2094 Corinth.
679 2074 697 2100 1,
708 2068 753 2099 ⁹2⁴5,
765 2067 1032 2103 etseq.;Ephes.1v,
1046 2069 1069 2102 1,
1080 2071 1107 2095 et
1118 2076 1195 2103 seqq.

491 2114 508 2138 3
528 2113 568 2139 Ita
583 2115 609 2139 et
623 2120 651 2138 11.
668 2112 728 2139 cod.
751 2112 832 2138 4061:
856 2112 891 2138 al.
916 2111 1023 2146 melius,
1040 2115 1068 2138 ut
1084 2111 1199 2144 videtur,

455 2157 488 2184 ad
504 2161 623 2184 context.
648 2157 773 2184 indicta.
789 2156 866 2183 Cont.
883 2156 975 2183 Const.
992 2157 1037 2183 hic
1051 2156 1197 2192 supplend.

455 2202 584 2229 admonet
595 2201 751 2236 pastoralis
765 2201 919 2236 dionilalis
932 2201 1044 2228 munia.

491 2246 508 2272 4
523 2245 573 2272 Cit.
590 2245 650 2273 cod.
666 2245 685 2272 s.
703 2245 798 2272 melius
812 2254 913 2280 aequa.

492 2291 508 2317 5
524 2290 623 2317 Ezeeh.
639 2297 728 2322 xxxiv,
745 2290 771 2322 ⁹2,
788 2290 834 2317 ubi
851 2290 956 2326 Vulgat.
973 2290 1059 2325 legit:
1077 2291 1130 2319 Vae
1143 2300 1197 2325 pa-

455 2331 579 2358 storibus
588 2331 689 2363 lsrael,
698 2331 750 2365 (μιί
756 2331 908 2365 pascebant
916 2331 1089 2365 semetipsos:
1105 2339 1199 2358 nonne

455 2378 554 2406 messes
564 2380 581 2397 a
590 2371 925 2405 pastor-ibuspascunizo·
934 2371 946 2396 ?
956 2370 1004 2398 Hic
1013 2370 1084 2398 forte
1098 2371 1197 2398 factum

457 2417 496 2440 est
513 2417 541 2440 ut
557 2413 645 2440 Caras.
663 2417 690 2440 et
701 2413 797 2441 Baron.
811 2412 953 2441 adderent:
964 2422 1060 2441 nonne
1071 2422 1133 2440 oves
1147 2422 1199 2449 pa-

455 2456 537 2482 scunt
547 2456 678 2488 pastores
693 2454 707 2480 f>

494 2498 510 2524 G
529 2496 622 2524 Matth.
640 2505 701 2532 xxv,
718 2497 761 2524 30.

494 2542 508 2568 7
529 2542 630 2568 Baron.
648 2542 733 2569 decet.

493 2587 508 2612 8
530 2585 673 2622 Perperam
701 2585 733 2613 ad
762 2587 861 2614 elocut.
887 2590 1042 2615 contextum
1057 2595 1103 2614 nn.
1121 2586 1198 2614 codd.

459 2634 547 2661 quam
558 2626 678 2662 quisque
692 2627 723 2654 in
738 2630 892 2662 auqmenta
908 2627 1073 2663 ineffuudig
1085 2628 1201 2656 abscon-

1226 274 1302 306 duni
1323 274 1400 317 quid
1433 274 1463 307 in
1498 285 1535 307 eo
1565 274 1674 308 deceat
1695 285 1764 308 esse
1792 276 1960 320 propositi,

1227 326 1277 359 cui
1298 326 1420 360 alienos
1440 338 1569 371 quoque
1601 338 1727 361 errores
1759 339 1887 362 necesse
1917 336 1964 362 est

1227 379 1388 423 imputari.
1427 381 1547 414 Clamat
1578 381 1712 413 Sanctus
1742 381 1878 424 Spiritus
1907 392 1964 425 per

1227 433 1432 476 l'roplictam:
1459 433 1485 467 0
1498 437 1644 476 pastores
1661 434 1777 466 Israel:
1799 435 1965 477 numquid

1226 487 1409 530 smiiele'psos
1435 491 1573 530 pascunt
1598 488 1763 530 pastores?
1781 487 1802 520 ⁵.
1835 487 1962 521 Certum

1227 545 1274 572 est
1294 539 1364 582 plus
1379 539 1479 579 abeo,
1504 540 1555 572 cui
1569 540 1641 583 plus
1663 540 1816 580 ereditur,
1838 540 1966 582 exigen-
2001 552 2164 582 Quidipsisigi-

1228 593 1316 629 duur,
1348 599 1377 625 et
1397 598 1483 626 tanto
1503 593 1603 635 magis
1625 603 1682 626 nos
1702 593 1859 627 obnoxios
1880 593 1961 634 fieri,
1980 579 2166 632 hlf-ffissgsssslssssll
2189 597 2197 612 ²

1228 651 1348 688 quanto
1367 645 1519 678 ell'usiorc
1547 646 1649 687 gratia
1671 646 1843 688 eontigerit
1861 647 1965 680 hono·
1980 631 2036 652 ‘mm'

1229 699 1302 731 rari.
1327 698 1474 741 Magister
1494 699 1608 738 bonus,
1634 705 1663 731 et
1684 700 1802 732 docens
1823 710 1881 743 per
1906 700 1965 732 ob-

1228 763 1322 785 scura
1343 753 1459 790 lucem,
1493 763 1550 796 per
1577 753 1825 786 similitudinum
1858 753 1967 796 aenig-

1230 810 1314 838 mata
1352 805 1530 846 veritatem,
1569 816 1696 839 servunt
1735 805 1844 838 talenti
1882 816 1900 838 a
1934 816 1968 838 se

1230 859 1347 899 traditi,
1371 865 1499 902 praeter
1511 865 1695 902 augmenta,
1716 860 1882 892 custodem
1903 869 1968 892 non

1229 913 1334 953 arguit
1355 912 1531 953 infidelem,
1565 913 1620 946 sed
1647 912 1875 947 condemnavit
1895 911 1968 945 inu-

1232 965 1318 999 tilem
1338 966 1359 998 ⁶.
1384 967 1473 999 Unde
1494 967 1525 999 in
1546 972 1659 1011 aperto
1680 972 1727 1000 est
1743 966 1775 998 in
1797 976 1861 1009 quo
1880 971 1969 998 metu

1230 1030 1297 1052 esse
1319 1020 1549 1060 deceat⁷eum,
1573 1020 1628 1064 qui
1649 1019 1849 1053 dominicum
1875 1029 1969 1052 num-

1231 1072 1343 1106 misma
1363 1073 1551 1116 perdiderit,
1567 1073 1593 1105 si
1606 1074 1753 1116 culpatus
1767 1078 1814 1106 est
1831 1072 1895 1111 ille,
1912 1071 1968 1115 qui

1230 1132 1397 1169 acceptum
1408 1126 1477 1159 sine
1488 1125 1715 1158 immunitione
1726 1125 1871 1158 servavit.
1893 1124 1969 1157 Nul—

1230 1181 1279 1212 lus
1300 1184 1471 1213 contentus
1495 1179 1537 1212 sit
1560 1179 1746 1212 innocentia
1777 1188 1856 1218 sua,
1891 1177 1969 1222 quia
2030 1187 2168 1214 Fideiprae-

1982 1213 2085 1234 dicationi
2093 1213 2168 1234 sedulo
2200 1228 2202 1231 -

1230 1233 1293 1266 Deo
1315 1238 1425 1266 nostro
1447 1233 1595 1265 universa
1620 1231 1776 1272 cernenti,
1799 1242 1856 1275 per
1873 1242 1967 1275 prae-
1983 1240 2109 1261 instandum.

1231 1285 1402 1319 dicationis
1432 1285 1652 1319 assiduitatem
1693 1285 1851 1318 rationem
1881 1295 1966 1328 quo-

1230 1351 1293 1383 que
1324 1339 1481 1383 propositi
1514 1339 1668 1373 debemus
1693 1337 1801 1371 alieni‘.
1834 1338 1968 1380 Largam

1230 1393 1396 1426 scientiam
1423 1394 1514 1426 decet
1543 1403 1610 1425 esse
1631 1392 1811 1425 doctorum.
1835 1391 1903 1424 Non
1929 1401 1965 1424 a-

1231 1452 1296 1480 mat
1331 1446 1410 1480 sides
1449 1446 1625 1480 Christiana
1659 1451 1842 1483 secretum3
1870 1455 1968 1488 quam

1230 1499 1377 1544 quisquis
1409 1499 1441 1532 in
1462 1510 1540 1532 aure
1573 1505 1697 1532 tantum
1733 1497 1880 1538 effundit,
1914 1497 1970 1530 ab·

1231 1553 1357 1587 scondit
1386 1554 1405 1585 ⁸.
1445 1554 1505 1586 l’er
1540 1553 1704 1586 universas
1734 1557 1844 1594 gentes
1874 1551 1969 1584 Verbi

1231 1607 1430 1651 praedicatio
1444 1606 1618 1639 mandatur
1635 1605 1799 1649 apostolis,
1823 1609 1854 1638 et
1873 1614 1970 1648 quam

1231 1660 1492 1694 inexcusabiliter
1511 1660 1573 1693 hoc
1592 1659 1763 1703 quisquam
1784 1663 1889 1702 potest
1909 1658 1970 1691 sibi

1232 1720 1337 1747 tacere
1359 1713 1567 1747 commissum
1585 1713 1606 1745 ⁹.
1641 1713 1721 1752 Quid
1750 1714 1884 1756 prodest
1904 1712 1972 1746 eui-

1232 1767 1308 1800 libet
1347 1772 1556 1810 paternarum
1593 1766 1804 1799 reverentiam
1845 1776 1973 1799 servare

1231 1821 1430 1863 regularum,
1454 1820 1478 1853 si
1499 1819 1628 1853 concuti
1661 1819 1740 1852 llaec
1768 1818 1807 1852 ab
1836 1817 1918 1860 atiis3
1946 1819 1971 1852 si

1231 1874 1299 1907 sine
1320 1875 1444 1907 honore
1479 1873 1606 1907 tractari
1638 1873 1799 1917 patienter
1818 1872 1972 1917 accipiat?

1231 1929 1399 1961 lntirinum
1421 1926 1562 1960 ostendit
1593 1926 1758 1967 affectum,
1793 1925 1849 1970 qui
1883 1926 1972 1969 quod

1232 2025 1285 2052 die.
1299 2024 1387 2051 Caras.
1400 2033 1461 2051 cnm
1471 2022 1561 2051 Ottob.
1576 2023 1635 2056 m,
1646 2031 1733 2059 quam
1747 2023 1868 2058 quisquo
1878 2024 1910 2050 in
1922 2031 1973 2050 an-

1232 2072 1346 2104 ymenta
1356 2078 1415 2096 non
1427 2069 1561 2104 effundit,
1571 2068 1727 2095 abscondit.
1737 2068 1810 2099 Quae
1821 2076 1887 2094 sane
1896 2067 1974 2094 lectio

1233 2114 1310 2140 Cont.
1327 2113 1416 2140 Const.
1430 2113 1532 2139 arridet
1542 2121 1548 2144 ;
1560 2112 1693 2147 siquidem
1704 2112 1762 2139 eius
1776 2111 1875 2138 iudicio
1890 2111 1975 2146 magis

1234 2161 1366 2185 consonat
1381 2166 1442 2184 eum
1458 2156 1549 2184 talenti
1565 2156 1741 2183 similitudine
1756 2155 1783 2182 in
1800 2159 1974 2190 angmentum

1234 2203 1339 2230 crediti.
1350 2202 1447 2229 Verum
1459 2209 1542 2237 quum
1552 2201 1595 2228 liic
1606 2209 1695 2228 sermo
1706 2200 1840 2228 habeatur
1850 2200 1883 2226 de
1894 2207 1973 2236 prae-

1234 2246 1375 2274 dicationis
1389 2246 1500 2277 talento,
1517 2245 1587 2281 quod
1604 2249 1660 2272 tum
1675 2244 1858 2277 absconditur,
1874 2252 1934 2271 cuni
1947 2244 1974 2271 in

1233 2299 1313 2318 aures
1335 2299 1388 2318 non
1410 2290 1566 2325 effunditur,
1588 2298 1613 2316 11.
1636 2290 1652 2316 l.
1679 2288 1762 2316 videt.
1786 2288 1973 2325 praeferenda,

1233 2337 1377 2365 dummodo
1395 2337 1451 2364 voci
1468 2339 1580 2364 tantum
1596 2340 1664 2372 part.
1681 2344 1739 2362 non
1755 2335 1912 2363 substituas.

1268 2383 1284 2409 ἱ)
1300 2381 1337 2408 lta
1358 2385 1384 2408 et
1400 2382 1499 2408 Baron.
1517 2380 1599 2408 Codd.
1616 2388 1664 2407 nn.
1681 2380 1752 2416 legg.
1773 2382 1798 2407 et
1819 2388 1908 2414 quam
1923 2387 1973 2406 eac-

1233 2426 1402 2453 nascibiliter
1429 2426 1479 2453 hoc
1504 2425 1659 2460 quisquam
1682 2427 1774 2459 potest
1797 2424 1851 2451 sibi
1884 2427 1976 2450 lacere

1234 2465 1413 2493 commissis?
1435 2466 1463 2492 li.
1490 2474 1526 2499 e.‚
1543 2473 1595 2500 qua
1610 2465 1784 2492 excusatione
1813 2463 1851 2490 uti
1875 2466 1974 2499 potest,

1234 2506 1281 2541 qui
1297 2506 1349 2533 hoc
1373 2509 1444 2533 tacet
1467 2504 1593 2540 plebibus
1621 2504 1672 2532 sihi
1689 2503 1859 2532 commissis?
1885 2502 1974 2530 Caras.

1234 2554 1348 2574 erronee
1359 2545 1468 2581 quidem
1484 2548 1510 2573 el
1526 2554 1614 2580 quam
1626 2543 1887 2572 e.1·cusabiliterhoc
1898 2543 1977 2578 quis-

1235 2595 1324 2621 quam
1337 2586 1492 2621 potcstsibi
1502 2589 1593 2613 lacere
1612 2584 1778 2611 commissi?
1793 2584 1870 2610 Cont.
1882 2582 1972 2610 Const.

1235 2630 1307 2654 recte
1327 2634 1375 2653 nn.
1393 2626 1470 2654 codd.
1487 2625 1630 2653 lectionem
1651 2623 1782 2660 sequitur.
