2244 3183
208 238 257 267 An.
279 238 307 267 C.
332 238 384 268 535

229 1045 255 1066 Et
264 1045 311 1066 ideo
320 1046 386 1072 ipsius

202 1078 288 1093 causam
303 1079 347 1093 suis
357 1073 387 1094 le—

203 1100 257 1125 gatis
266 1099 359 1123 mandat.

254 1205 355 1225 Achillem
366 1204 385 1225 in

202 1237 240 1252 sua
249 1232 386 1257 recipitcom-

202 1258 351 1281 munione,sed
360 1258 385 1278 de

203 1284 269 1310 ipsius
286 1284 385 1305 sat-erdo-

203 1313 232 1331 uo
260 1312 386 1332 sententiam

202 1337 278 1358 differt.

447 229 509 263 516

408 294 439 322 et
456 298 551 322 causa
571 297 636 322 non
657 287 794 321 credatis
811 286 946 321 alicuius
962 298 1020 321 nos
1040 287 1145 321 studio

405 341 600 375 defensionis
610 340 616 357 ¹
627 340 759 385 impelli.
775 340 863 374 Absit
876 351 894 373 a
907 340 1145 384 quorumlibet³

405 394 564 427 mentibus
589 393 792 435 christianis,
815 400 850 427 ut
879 394 910 427 in
941 405 1163 438 quacumque»

403 458 541 491 persona
558 453 612 481 ant
633 447 850 481 innocentiam
869 448 1075 490 redarguant,
1091 453 1146 480 aut
1161 457 1162 469 ³

403 501 525 534 crimen
557 501 732 534 absolvant.
771 501 831 534 Sed
864 501 1027 542 universa,
1062 512 1144 545 quae

402 554 605 599 Apostolicae
630 554 719 588 Sedis
739 565 844 599 nuper
868 555 927 588 hac
955 561 1030 589 sunt
1053 561 1144 599 parte

403 608 601 653 disposita⁸,
630 608 684 641 illo
709 619 838 653 semper
862 609 967 643 studio
993 619 1144 643 manave-

403 668 488 703 runt,
516 673 600 706 quac
638 662 832 706 principatui
867 662 951 695 beati
976 663 1060 696 Petri
1089 673 1144 696 vos

402 726 532 759 quoque
552 716 668 760 cupitis
685 727 743 760 per
757 716 865 749 omnia
886 716 1060 757 reservari,
1084 716 1144 750 sci·

403 768 478 802 licet
495 779 534 802 ne
549 768 580 801 in
599 769 658 810 his,
676 769 729 813 qui
747 769 837 803 Sedis
857 770 926 803 eius
946 770 1143 803 audientiam

401 822 636 866 postulassent,
665 823 814 867 sperata⁴
839 823 939 868 ipsius
964 824 1144 858 reverentia

402 876 535 910 alterius
571 877 730 911 sententia
762 877 957 922 proveniret.
988 879 1025 911 Et
1057 879 1141 920 ideo,

402 930 478 974 quia
498 931 669 964 elementia
701 937 804 965 vestra
834 932 1007 966 salubriter
1027 932 1143 966 offerre

403 984 532 1028 dignata
560 990 627 1027 est,
661 990 696 1018 ut
719 995 737 1018 a
767 985 881 1029 legatis
904 985 1023 1019 nostris
1048 997 1144 1020 omne

402 1037 569 1081 negotium
592 1043 801 1079 tractaretur3
829 1038 912 1072 hanc
936 1049 1069 1083 operam
1094 1039 1144 1073 his

402 1101 483 1136 quos
503 1092 717 1126 incontinenti
738 1092 909 1135 dirigimus
928 1093 994 1126 Deo
1012 1098 1143 1126 auctore

402 1145 603 1179 mandamus.
627 1145 673 1179 Ita
690 1151 810 1187 tamen,
826 1150 862 1179 ut
874 1145 937 1178 iam
951 1156 1038 1179 nunc
1057 1156 1144 1178 com-

402 1198 556 1232 munione
587 1205 698 1232 nostra
724 1199 772 1232 vir
803 1199 974 1242 religiosus
1004 1199 1143 1232 Achilles

400 1263 460 1296 pro
480 1258 584 1286 vestra
612 1252 755 1286 iussione
775 1252 891 1286 debeat
915 1252 1088 1295 gratulari;
1112 1258 1143 1286 at

400 1316 476 1339 vero
497 1306 536 1340 de
560 1306 742 1340 sacerdotio
762 1306 975 1350 perfruendo,
1004 1317 1077 1339 cum
1102 1306 1142 1340 ad

401 1370 459 1393 nos
476 1360 636 1402 universa,
653 1371 735 1404 quae
747 1360 844 1403 legati
861 1360 963 1394 nostri
984 1370 1143 1403 cognove-

401 1413 476 1454 rint,
496 1413 684 1457 plenissima
708 1424 821 1447 eorum
841 1413 961 1448 suerint
984 1413 1142 1447 relatione

400 1467 542 1511 perlata,
581 1467 794 1501 consideratis
827 1473 1013 1501 sanctorum
1047 1477 1143 1501 cano-

401 1530 478 1553 num
500 1520 632 1564 regulis,
649 1531 728 1565 quas
745 1521 866 1555 servari
883 1520 1080 1565 praecipitis,
1093 1531 1142 1554 se-

401 1575 530 1619 quenda
554 1574 681 1609 firmius
705 1575 935 1610 censebuntur.
963 1575 1054 1615 Quod
1080 1586 1140 1608 au-

401 1633 464 1661 tem
483 1628 654 1662 clementia
667 1634 771 1662 vestra
788 1627 897 1662 fratris
915 1634 946 1662 et
959 1628 1141 1673 coepiscopi

927 240 1082 264 Arrsstx‘ntx
1109 240 1143 263 ΒΗ
1150 241 1203 263 LLA
1210 239 1251 264 RH
1279 239 1396 263 nomm

1179 291 1210 320 et
1234 285 1485 320 clementissimo
1509 285 1661 330 principi,
1683 285 1769 319 beati
1789 296 1918 331 quoque

1179 340 1264 373 Petri
1299 339 1468 384 privilegia
1488 339 1687 381 defensanti,
1710 349 1776 373 non
1792 340 1842 373 vel
1862 349 1919 384 op-

1179 398 1316 436 portune
1334 392 1381 426 vel
1400 393 1584 437 importune
1602 391 1825 435 suggesserit⁵‚
1842 392 1920 436 quid

1180 446 1211 478 in
1225 446 1285 479 hae
1297 451 1388 490 parte
1399 446 1488 479 Sedis
1499 446 1701 490 Apostolicae
1719 446 1920 480 reverentiae

1161 511 1162 518 ¹
1179 500 1361 534 deberetur.
1383 501 1426 534 De
1451 510 1515 544 quo
1535 500 1632 533 simul
1653 499 1793 542 negotio,
1813 499 1870 533 sed
1890 505 1921 533 et

1179 555 1218 588 de
1237 554 1414 588 Iustiniana
1435 553 1574 595 civitate,
1591 553 1723 596 gloriosi
1741 553 1856 586 natalis
1869 563 1920 586 ve-

1178 608 1234 642 stri
1248 607 1409 649 consciass,
1432 618 1491 641 nec
1515 607 1601 641 non⁷
1621 608 1661 641 de
1681 612 1810 640 nostrae
1830 606 1920 641 Sedis

1178 662 1299 695 vicibus
1325 661 1549 704 iniungendis,
1573 661 1662 705 quid,
1687 665 1813 694 servato
1833 659 1919 694 beati

1178 714 1274 756 Petri,
1295 725 1391 759 quem
1415 713 1558 756 diligitis,
1585 713 1781 758 principatu,
1811 719 1842 747 et
1861 724 1917 747 re-

1178 775 1262 802 strae
1285 768 1414 813 pietatis
1438 768 1568 810 affeetu,
1593 768 1720 812 plenius
1744 767 1920 802 deliberari

1179 822 1371 865 contigerit,
1395 832 1453 866 per
1473 833 1528 856 eos
1549 831 1630 866 quos
1654 822 1694 856 ad
1719 831 1773 855 vos
1804 820 1918 862 dirigi-

1180 886 1250 909 mus
1289 876 1412 918 legatos
1453 877 1542 921 (Deo
1573 875 1737 920 propitio)
1773 874 1922 909 celeriter

1180 929 1376 963 intimamus.
1400 929 1552 974 Superest
1575 934 1627 971 ut,
1662 929 1744 963 sicut
1778 939 1796 962 a
1825 928 1921 962 beato

1179 983 1273 1016 Petro
1295 982 1516 1017 indesinenter
1529 983 1741 1027 exposcimus,
1759 983 1798 1017 de
1817 983 1921 1016 salute

1179 1044 1210 1071 et
1245 1038 1461 1082 prosperitate
1496 1038 1591 1072 vestri
1627 1048 1755 1082 semper
1790 1036 1918 1081 imperii

1179 1091 1391 1133 gratulemur.

1221 1144 1334 1177 Datum
1354 1144 1460 1177 idibus
1481 1143 1641 1177 Octobris.

1213 1206 1274 1233 Dat.
1292 1205 1334 1234 die
1350 1206 1383 1233 15
1398 1205 1532 1242 Octobris,
1549 1214 1601 1234 ann
1606 1227 1659 1234 .....
1663 1206 1676 1224 ⁸

1409 1367 1595 1402 EPISTOLA
1615 1368 1653 1401 Vl
1666 1368 1687 1402 ⁹.

1176 1465 1357 1510 Ept'scopis,
1380 1466 1410 1498 si
1422 1466 1482 1509 qui
1494 1465 1534 1499 ab
1548 1465 1772 1499 ecclesiasticis
1789 1466 1921 1499 statutis

1220 1519 1395 1560 declinent,
1418 1519 1638 1552 resistendum
1659 1519 1812 1559 innuens,
1835 1519 1922 1553 dolet

1223 1573 1288 1608 GP.
1312 1573 1418 1606 sedem
1442 1573 1483 1606 ab
1507 1573 1680 1615 Anthimo,
1704 1574 1742 1607 ob
1761 1574 1921 1618 Eutychis

1220 1637 1362 1660 errorem
1382 1627 1671 1668 excommunicem,
1694 1626 1797 1670 fuisse
1815 1637 1917 1660 usur-

1941 236 1991 264 Ᾱη.
2013 236 2042 265 C.
2067 230 2119 266 535

1977 509 2069 531 Consilia
2079 517 2118 532 sua

1935 542 1973 562 per
1982 537 2064 563 legatos
2078 537 2119 564 ipsi

1935 563 2051 585 Iustiniana
2062 569 2118 585 com·

1934 590 2059 611 municabtt.

244 1681 385 1710 Epiphanium

201 1713 329 1732 condemnat
359 1717 385 1732 eo

202 1738 259 1767 quod
273 1738 386 1768 imperato—

202 1770 231 1784 ris
242 1770 329 1785 mssiom
339 1770 386 1785 ces-

201 1791 253 1811 serit
268 1791 288 1812 in
300 1791 385 1812 Achillis

201 1818 370 1839 consecratione.

1220 1684 1345 1724 palam,
1366 1690 1502 1724 cumque
1519 1690 1623 1724 neque
1638 1679 1798 1713 catholico
1817 1689 1921 1724 neque

1220 1744 1312 1766 sacro
1332 1734 1464 1767 nomine
1484 1733 1625 1778 diffluum
1644 1733 1828 1775 declarans,
1855 1733 1919 1767 Pe-

1223 1791 1312 1820 trum
1319 1787 1663 1831 Hierosolymitcmum
1677 1791 1705 1820 et
1718 1787 1802 1821 alios
1815 1787 1922 1820 orien-

400 1681 502 1715 nostri
539 1682 712 1726 Epiphanii
748 1682 880 1725 dignata
913 1687 960 1716 est
990 1692 1143 1716 excusare

400 1746 585 1780 personam,
601 1736 678 1781 quia
691 1736 724 1770 in
744 1736 901 1781 praedicti
921 1736 1053 1770 Achillis
1067 1746 1144 1770 con-

400 1790 582 1824 secratione
611 1796 716 1824 vestra
748 1790 856 1835 potius
891 1790 1010 1831 iussio,
1045 1800 1142 1834 quam

401 1842 488 1877 illius
513 1843 676 1878 ordinatio
710 1843 951 1888 praevenisset,
980 1843 1143 1877 credimus

401 1896 489 1940 quod
510 1901 540 1930 et
568 1897 637 1941 ipse
657 1897 845 1940 cognoverit
867 1897 937 1930 iure
962 1897 1139 1942 culpatum,

401 1950 468 1994 qui,
484 1956 614 1995 praeter
630 1950 694 1985 alia
709 1962 792 1996 quae
809 1951 957 1996 deliquit,
973 1951 1035 1985 hoc
1055 1956 1143 1984 certe

401 2014 553 2039 excusare
575 2005 623 2038 vix
649 2005 778 2049 poterit,
802 2005 889 2050 quod
907 2010 970 2039 tam
996 2005 1142 2050 piissimo

436 2113 446 2139 1
470 2112 685 2147 «offensionis»
703 2113 803 2140 aaron.
829 2112 862 2140 ad
887 2121 971 2148 marg.
989 2116 1077 2139 contr.
1094 2121 1141 2140 nn.

401 2156 479 2184 codd.
501 2157 625 2184 auctorit.

438 2201 454 2228 Ξ
470 2200 617 2238 Perperam
632 2201 740 2230 Baron.:
762 2203 844 2230 Absit
864 2202 1070 2238 quorumlibet.

436 2246 453 2273 3
468 2247 546 2274 Cont.
573 2247 665 2275 Const.
687 2255 753 2275 mss.
775 2247 832 2275 Sed
852 2247 998 2278 universa,
1014 2255 1087 2282 quae
1107 2247 1142 2274 ab

400 2291 436 2318 A.
457 2292 484 2319 S.
505 2300 592 2327 super·
615 2293 667 2320 hac
691 2295 756 2321 sum
776 2296 863 2328 parte
883 2293 1034 2328 disposita.
1055 2292 1141 2320 Etiam

401 2336 502 2364 Baron.
519 2337 571 2372 leg.
586 2345 673 2372 super
688 2338 752 2365 hac.

435 2379 454 2407 4
470 2390 482 2406 ι
499 2382 643 2416 Separala
658 2392 670 2407 »
694 2381 789 2410 Baron.
806 2382 833 2409 in
850 2385 933 2416 textu3
950 2381 987 2409 id.
1004 2381 1038 2410 ad
1055 2389 1139 2417 marg.

401 2429 428 2453 et
451 2425 534 2453 Labb.
560 2425 588 2453 in
612 2429 685 2454 textu
711 2435 771 2454 cum
795 2427 890 2454 Carasa
911 2428 979 2463 legg.
1005 2430 1141 2463 sperata,-

401 2470 478 2498 Cont.
500 2471 594 2498 Conse.
616 2479 678 2498 mss.
696 2471 760 2498 hab.
777 2474 885 2506 spreta,
902 2475 928 2499 et
942 2471 1001 2500 cod.
1023 2480 1050 2498 n.
1071 2471 1139 2499 5617

401 2514 434 2541 ad
455 2523 540 2550 marg.
560 2514 625 2542 huic
639 2515 780 2543 adhaeret.

436 2559 453 2586 5
470 2569 482 2585 ‹
494 2560 640 2595 Suqyessit
652 2569 664 2586 ι
680 2568 727 2587 ῃῃ.
744 2560 821 2588 codd.

436 2603 453 2629 6
470 2613 481 2629 α
500 2603 614 2640 Procop.
638 2604 683 2632 lib.
710 2611 736 2632 111
763 2605 801 2632 De
823 2605 965 2641 aedificat.
990 2605 1094 2634 lustin.
1113 2616 1138 2633 n.

403 2647 485 2676 Labb.
508 2648 540 2675 ad
562 2657 645 2685 marg.

1223 1841 1302 1874 tales
1314 1841 1481 1875 antistites
1496 1841 1718 1885 reprehendit,
1732 1840 1820 1886 quod
1836 1841 1921 1874 lianc

1221 1904 1289 1928 rem
1307 1894 1349 1927 acl
1362 1894 1394 1928 S.
1412 1894 1453 1929 A.
1469 1905 1536 1928 non
1548 1894 1737 1936 retulerim,
1753 1893 1808 1928 sed
1826 1904 1921 1927 usur-

1218 1953 1367 1992 patorem
1381 1959 1439 1982 suo
1452 1957 1611 1982 consensu
1624 1948 1865 1992 confirmarint.
1877 1947 1920 1981 In

1221 2002 1385 2035 invasoris
1399 2006 1507 2036 autem
1524 2002 1627 2036 {ocum
1642 2002 1810 2045 Memmm,
1826 2002 1920 2036 cuius

1213 2110 1227 2137 7
1244 2110 1292 2138 Hic
1308 2119 1354 2138 nn.
1371 2110 1464 2146 codd,
1481 2110 1577 2139 Baron.
1595 2114 1623 2139 et
1637 2111 1723 2139 Caraf.
1740 2110 1804 2139 add.
1819 2113 1855 2140 et.

1212 2156 1227 2182 8
1244 2156 1310 2183 Ann.
1329 2155 1429 2183 Christi
1445 2156 1497 2184 535
1511 2155 1585 2184 iuxta
1599 2155 1677 2184 Jasfe.

1211 2201 1227 2228 9
1243 2201 1280 2228 Ex
1296 2200 1379 2228 Labb.
1398 2200 1504 2229 Concil.
1519 2202 1625 2230 collect.
1641 2205 1707 2229 tom.
1724 2209 1751 2236 v,
1769 2201 1821 2229 col.
1838 2200 1917 2235 1010,

1177 2245 1224 2273 ubi
1240 2250 1266 2274 et
1278 2254 1370 2282 graec.
1386 2246 1449 2274 lect.
1466 2246 1598 2283 reperies,
1615 2254 1658 2282 ap.
1676 2245 1764 2274 Caras.
1785 2254 1845 2283 pag.
1866 2245 1919 2274 590

1176 2295 1204 2319 et
1218 2291 1289 2327 apud
1304 2291 1405 2319 Baron.
1422 2299 1466 2318 an.
1484 2291 1535 2319 536
1553 2299 1580 2318 n.
1598 2298 1681 2326 xxvn,
1697 2299 1729 2319 ex
1744 2299 1798 2327 quo
1814 2294 1920 2318 constat

1177 2335 1246 2363 lianc
1265 2336 1408 2372 epistolam
1423 2336 1506 2364 fuisse
1522 2336 1684 2364 circularem
1701 2336 1733 2363 ad
1751 2344 1845 2363 omnes
1860 2335 1918 2372 epi-

1175 2390 1272 2418 scopos
1296 2382 1440 2409 orientales
1466 2381 1512 2418 qui
1538 2390 1598 2409 cum
1623 2381 1751 2409 Anthimo
1771 2381 1824 2408 CP.
1846 2379 1919 2408 sedis

1177 2430 1340 2462 usurpatore
1361 2426 1608 2454 communicarant:
1630 2425 1707 2453 cuius
1726 2425 1864 2462 exemplar
1883 2424 1917 2452 ad

1176 2472 1288 2498 Petrum
1300 2471 1547 2506 Hierosolymorum
1558 2470 1649 2506 Episc.
1659 2469 1703 2498 hic
1713 2478 1744 2498 ex
1753 2469 1854 2506 synodo
1863 2468 1916 2496 (ΞΡ.

1175 2516 1225 2543 sub
1255 2515 1351 2543 lilenna
1379 2515 1543 2551 exscriptum
1569 2514 1724 2542 exhibetur.
1748 2513 1918 2550 Quapropter

1175 2560 1311 2596 Agapetus
1331 2568 1385 2588 non
1400 2559 1487 2587 solum
1503 2560 1615 2587 Petrum
1631 2559 1679 2587 sed
1694 2566 1788 2587 omnes
1803 2558 1917 2594 alloqui-

1175 2608 1228 2632 tur.
1245 2605 1389 2641 Inscriptio
1404 2604 1590 2632 tantummodo
1601 2604 1629 2631 in
1645 2603 1730 2640 princ.
1748 2606 1775 2631 et
1791 2602 1916 2631 salutatio

1156 2665 1158 2683 t
1177 2650 1200 2676 in
1218 2650 1270 2678 tine
1286 2650 1318 2677 ad
1338 2650 1446 2678 Petrum
1463 2649 1588 2685 adaptata
1604 2648 1662 2676 suit.
