2244 3183
118 1042 169 1070 An.
185 1042 215 1069 C.
232 1041 284 1070 535

158 1842 308 1864 contumeliosi

123 1869 150 1890 ad
166 1869 189 1891 S.
200 1870 223 1891 Α.
235 1871 307 1897 appet-

121 1897 224 1918 lationem
233 1897 308 1924 innuit,-

1752 216 1816 252 507

605 444 692 541 S.
756 441 1398 538 AGAPETUS
1460 437 1547 535 Γ.

560 1081 747 1116 EPISTOLA
781 1080 824 1115 1².

323 1189 477 1224 Caesario
490 1189 636 1233 episcopo
648 1188 838 1222 Arelatensi
857 1188 1062 1232 siqnificans‚

366 1242 644 1277 Contumeliosum
660 1242 703 1275 ad
716 1242 829 1276 Sedem
842 1241 1067 1285 Apostolicam

364 1295 560 1340 appellasse:
584 1296 671 1329 lznnc
687 1296 823 1329 interim
839 1300 908 1329 tum
923 1306 944 1328 a
956 1296 1066 1328 missis

365 1350 569 1383 celebrandis
596 1350 777 1393 suspendit,
806 1354 875 1382 ticin
899 1350 939 1382 ab
969 1349 1066 1382 eccle-

364 1404 492 1437 siastici
522 1404 723 1447 patrimonii
755 1403 1063 1444 administratione,

365 1469 466 1502 quam
489 1457 650 1491 Ecclesiae
673 1457 906 1491 archidiacono
926 1458 1064 1501 deleyat:

368 1512 558 1546 Caesarium
584 1515 694 1544 autem
728 1511 918 1555 improbans
933 1539 940 1552 ‚
981 1511 1068 1555 quod

365 1564 466 1597 illam
485 1569 561 1598 ante
580 1565 759 1598 sententiae
786 1565 1068 1607 confirmationem

366 1619 403 1651 in
415 1619 655 1652 monasterinm
668 1619 853 1662 releyasset,
868 1619 986 1651 ineius
1002 1618 1068 1651 loco

364 1672 569 1706 visitatorem
587 1671 851 1706 constituendum
864 1672 1020 1705 decernit.

375 1763 579 1791 Dilectissimo
595 1763 683 1791 fratri
699 1763 836 1791 caesario
851 1763 1014 1798 Agapetus.

367 1834 600 1879 Optaveramus
615 1861 622 1875 ,
656 1835 756 1868 frater
773 1835 1005 1875 amantissime,
1033 1840 1069 1868 ut

324 1888 468 1933 episcopi
501 1888 735 1923 Contumeliosi
763 1888 918 1932 opinione
942 1888 1069 1931 integra

323 1948 538 1988 permanente
547 1942 568 1983 ³,
591 1952 652 1976 nec
672 1942 730 1975 tibi
751 1943 875 1976 dudum
894 1942 986 1976 fieret
1005 1952 1065 1976 ne-

324 1996 454 2030 cessitas
479 1995 610 2037 iudicii,
644 2006 705 2030 nec
733 1996 827 2029 nohis
856 2007 953 2029 causa
987 2006 1065 2029 cen-

361 2114 370 2140 1
390 2112 448 2140 Una
463 2115 566 2140 tantum
577 2112 688 2148 Agapeti
700 2112 812 2148 epistola
828 2111 944 2139 habetur
961 2112 986 2138 in
998 2111 1068 2139 Bul-

325 2158 410 2186 lario.
432 2157 484 2185 Nos
508 2161 568 2185 octo
595 2156 754 2184 exhibemus
776 2158 865 2193 magni
888 2156 1015 2193 ponderis
1041 2161 1069 2183 et

324 2202 451 2229 indubiae
475 2202 652 2237 genuinitatis
664 2224 670 2236 ,
699 2203 835 2238 postrema
861 2205 973 2238 excepta
999 2210 1068 2238 quae

324 2247 495 2283 supposititia
517 2247 635 2282 videtur,
656 2246 771 2283 ideoque
791 2247 817 2274 in
837 2246 960 2274 ultimum
980 2246 1067 2274 locum

324 2292 463 2327 reficitur,
484 2292 607 2328 quamvis
627 2292 716 2328 quoad
735 2296 826 2319 notam
849 2291 1068 2327 chronologicam

325 2337 411 2373 prima
426 2337 541 2365 fortasse
556 2337 634 2365 foret.
652 2337 725 2365 Duae
739 2337 843 2373 priores
859 2337 997 2364 latuerunt
1017 2338 1067 2365 Ca-

324 2383 421 2416 rasam,
434 2382 479 2419 qui
495 2391 541 2410 sex
554 2386 658 2410 tantum
670 2383 784 2419 Agapeti
799 2382 929 2418 epistolas
945 2382 1067 2419 praebet.

324 2427 435 2454 Codices
451 2435 547 2455 omnes
562 2427 649 2455 editos
663 2431 721 2455 tum
737 2435 828 2455 secum
844 2428 920 2463 ipsis,
937 2432 992 2455 tum
1008 2436 1069 2455 eum

325 2480 390 2499 mss.
403 2473 472 2499 Vatt.
486 2471 691 2507 diligentissime
706 2472 880 2507 contutimus,
893 2476 973 2508 prout
987 2481 1002 2500 e
1013 2472 1070 2508 plu-

325 2517 401 2544 ribus
418 2517 498 2544 variis
513 2516 685 2550 lectionibus,
698 2525 765 2553 quas
776 2517 802 2543 in
813 2517 883 2545 notis
898 2517 1067 2550 subiicimus,

326 2561 405 2589 facile
420 2561 534 2597 quisque
551 2561 707 2597 perspiciet.

361 2605 377 2632 2
397 2605 434 2632 Ex
455 2606 538 2633 Labb.
557 2605 664 2633 Concil.
683 2605 796 2633 Collect.
813 2608 877 2632 tom.
894 2613 920 2640 v,
936 2605 987 2633 col.
1004 2606 1067 2638 94&

328 2653 355 2677 ct
369 2658 401 2678 ex
416 2650 512 2680 Baron.
529 2659 594 2678 ann.
606 2650 658 2679 535
673 2658 698 2678 n.
711 2656 754 2678 cxi
765 2649 827 2678 edit.
840 2650 955 2679 Lucens.
974 2650 1069 2679 «Ilaec

1097 1079 1206 1119 sendi3
1235 1078 1376 1111 maxime
1396 1077 1474 1122 quia
1498 1078 1529 1110 in
1550 1078 1763 1122 suprascripti
1785 1079 1843 1111 viri

1097 1133 1305 1167 accusatione
1330 1132 1515 1166 communis
1537 1132 1672 1165 honoris
1693 1143 1844 1166 reveren-

1098 1186 1396 1230 tiaquodammodo
1406 1185 1736 1219 videturincursata⁴.
1754 1186 1844 1219 Unde

1099 1246 1261 1285 quatenus
1286 1239 1570 1284 praesumptione,
1604 1240 1687 1273 sicut
1718 1240 1842 1279 asserit,

1099 1294 1306 1328 innocentiae
1331 1294 1371 1327 ad
1390 1293 1618 1338 appellationis
1636 1293 1738 1327 voluit
1758 1294 1847 1326 auxi—

1100 1348 1178 1381 lium
1200 1349 1385 1389 ctmvotare,
1409 1348 1611 1381 orationibus
1629 1348 1766 1381 assiduis
1785 1349 1847 1382 hoc

1102 1401 1312 1442 innitamur⁵‚
1336 1407 1371 1434 ut
1395 1412 1469 1434 eum
1496 1401 1692 1444 cognitionis
1713 1401 1847 1435 iteratae

1101 1455 1296 1489 beneficium
1311 1455 1521 1497 gratulationi
1537 1455 1684 1488 omnium
1699 1455 1847 1489 restituat

1101 1510 1299 1543 absolutum.
1324 1509 1509 1551 Delegaturi
1530 1509 1629 1549 enim,
1650 1510 1714 1542 Deo
1734 1515 1847 1542 nostro

1101 1563 1285 1603 adiuvante,
1309 1573 1421 1596 sumus
1444 1573 1591 1602 examen,
1611 1569 1645 1595 ut
1666 1563 1846 1596 secundum

1101 1627 1264 1651 canonum
1298 1617 1531 1650 venerabilium
1564 1617 1759 1657 constituta,
1787 1617 1847 1649 suh

1102 1670 1363 1704 consideratione
1378 1670 1518 1703 iustitiae
1533 1670 1654 1711 omnia,
1668 1680 1751 1714 quae
1761 1670 1849 1714 apud

1101 1725 1339 1758 fraternitatem
1358 1730 1446 1758 tuam
1461 1725 1500 1758 de
1514 1724 1703 1757 huiusmodi
1715 1723 1847 1766 negotio

1102 1783 1172 1812 acta
1197 1783 1324 1821 gestave
1344 1778 1451 1819 sunff,
1480 1778 1729 1821 diligentissima
1746 1777 1845 1810 vesti-

1101 1832 1231 1876 gatione
1252 1832 1450 1875 flagitentur.
1474 1832 1585 1876 Neque
1602 1831 1691 1865 enim
1712 1831 1845 1875 praedi-

1102 1891 1189 1920 ctum
1215 1886 1321 1919 virum
1354 1885 1505 1920 convenit
1529 1891 1644 1919 eventu
1669 1885 1760 1929 prius
1785 1885 1845 1917 ha-

1102 1940 1188 1974 bitae
1209 1940 1405 1983 cognitionis
1425 1939 1547 1982 urgeri,
1582 1940 1702 1983 quippe
1723 1950 1796 1972 cum
1818 1943 1849 1971 et

1103 1994 1171 2038 ipse
1196 1994 1354 2028 iudicium
1384 1994 1545 2037 petierit?
1581 1994 1651 2027 Non
1683 1999 1849 2026 avertatur

1102 2114 1192 2138 autem
1221 2119 1263 2146 ep.
1294 2110 1320 2137 in
1351 2111 1412 2137 cod.
1444 2109 1578 2137 Lirinensi
1607 2109 1643 2136 ita
1672 2108 1845 2136 inscribitur:

1102 2157 1289 2191 Praeceptum
1309 2155 1431 2183 Ioannis
1447 2155 1506 2182 ΡΡ.
1523 2154 1560 2182 all
1573 2154 1764 2189 presbyteros,
1783 2154 1847 2180 dia-

1101 2208 1184 2228 conos
1205 2203 1229 2228 et
1250 2202 1382 2227 cunctum
1401 2200 1509 2227 clerum
1526 2200 1645 2234 Regyens.
1664 2199 1754 2232 Ecct„
1775 2198 1849 2224 unde

1101 2245 1212 2280 inferre
1232 2248 1272 2273 est
1295 2254 1350 2280 quo
1376 2245 1406 2272 in
1429 2245 1488 2271 loco
1510 2243 1740 2271 Contumeliosus
1759 2243 1849 2276 fuerit

1101 2287 1257 2320 episcopas.
1276 2285 1295 2311 E
1311 2285 1445 2313 Sirmond.
1460 2295 1483 2311 r.
1500 2284 1616 2311 Mam-m.
1641 2283 1749 2310 Com-il.
1773 2283 1845 2309 Gall.

1103 2330 1169 2354 tom.
1186 2333 1204 2359 t,
1222 2326 1273 2353 col.
1290 2326 1353 2353 973.

1139 2369 1154 2394 3
1176 2367 1205 2393 ln
1220 2374 1301 2393 causa
1317 2365 1510 2393 Contumeliosi
1527 2369 1581 2392 tres
1597 2374 1638 2400 op.
1656 2364 1766 2391 dederat
1783 2371 1847 2389 aim.

1103 2416 1191 2443 praec-
1204 2407 1318 2434 loannes
1331 2406 1362 2436 ΙΙ,
1375 2414 1443 2442 quas
1454 2406 1514 2432 vide
1526 2415 1583 2441 sup.
1599 2414 1657 2441 pag.
1671 2406 1722 2433 500
1734 2409 1759 2432 et
1771 2413 1847 2439 seqq.

1139 2448 1155 2474 4
1171 2447 1255 2474 Labi).
1273 2448 1307 2473 ad
1324 2455 1408 2481 marg.
1433 2447 1574 2473 incusata.

1139 2489 1155 2514 5
1170 2487 1283 2515 Maurin.
1302 2487 1319 2513 1.
1337 2497 1359 2514 c.
1378 2495 1392 2514 e
1407 2496 1463 2522 rog.
1481 2486 1540 2514 cod.
1565 2487 1635 2513 3840
1659 2485 1848 2516 adnilamm·;

1102 2529 1134 2556 ad
1145 2532 1201 2556 not.
1217 2536 1279 2555 vero
1290 2528 1436 2555 advertunt
1451 2527 1539 2555 «sorte
1551 2527 1714 2555 enitamur:
1727 2524 1848 2552 Bollaud.

1102 2570 1129 2596 in
1152 2570 1197 2596 vit.
1218 2568 1372 2605 Agapeti».

1137 2610 1154 2637 6
1174 2620 1186 2635 4<
1198 2610 1267 2638 Sint
1281 2621 1292 2634 »
1310 2609 1409 2636 Baron.

1138 2651 1152 2677 7
1173 2661 1184 2674 «
1195 2649 1259 2677 Cod.
1278 2650 1321 2676 cit.
1338 2648 1413 2677 addit
1428 2651 1454 2677 et
1470 2649 1636 2684 leqamtcs».
1653 2646 1768 2675 Mauriu.
1781 2645 1847 2673 ibid.

1877 1038 1926 1064 Αη.
1944 1038 1973 1065 C.
1990 1037 2042 1064 5:35

1889 1516 1953 1536 Cuius
1967 1521 2046 1535 causae

1863 1550 1948 1563 exam-‚³11
1965 1546 1994 1563 est
2011 1544 2046 1562 dc-

1863 1571 1976 1596 legatariis.
