2244 3183
268 241 324 268 An.
341 240 370 267 G.
388 240 439 267 528

285 622 371 642 ctericis
383 620 453 641 Eccle-

271 655 315 668 siae
325 648 412 673 praedm
420 648 454 667 ilc·

271 675 386 695 liuentibus
405 674 453 700 quid

268 702 382 727 agendum.

287 1050 315 1070 Ue
326 1052 455 1070 interlunium

272 1077 457 1101 teg.1i·.1p·=it<u·:-

276 1104 372 1125 tandum.

309 1797 420 1818 'fieriu-31:15!
427 1798 457 1818 irs(

275 1826 401 1845 ‹lorumcutai
409 1825 458 1844 [lule-

275 1852 323 1871 liter
351 1852 456 1878 descripta

275 1879 423 1899 cuslmlrcndu.

504 229 567 262 470

469 287 651 321 convenire.
676 286 709 318 ln
731 284 779 318 liis
799 282 969 327 disciplina
983 281 1204 322 confunditur,

469 341 574 375 divina
588 344 762 384 praecepta
775 338 950 370 calcantur.
972 336 1062 369 Unde
1080 340 1208 379 oportet

468 395 655 439 episcopum
683 398 712 426 et
739 392 777 425 de
809 391 868 423 bac
896 395 987 434 purte
1018 389 1208 423 sollicitudi-

468 459 540 482 nem
571 456 701 490 gerere,
730 451 763 478 ut
787 445 813 478 si
834 454 900 477 non
921 443 1053 484 faciunt,
1077 453 1142 476 non
1163 443 1208 475 sa-

469 501 553 533 ciant
586 500 617 532 in
651 499 771 539 futuro,
799 503 829 531 et
849 497 873 530 si
896 497 1028 537 faciunt,
1052 496 1138 529 iuxta
1155 495 1207 529 di-

469 553 638 597 sciplinam
660 551 916 586 ecclesiasticam
936 550 1150 593 corrigantur.
1178 549 1210 584 Si

469 607 524 651 qui
545 617 620 641 vero
642 606 681 640 de
695 606 781 639 clero
794 604 927 649 praedia
946 604 1079 644 urbana,
1093 604 1141 636 vel
1159 615 1211 636 ru-

469 661 547 694 stica
571 660 612 693 ad
643 658 817 693 Ecclesiam
846 658 1040 702 pertinentia
1076 657 1208 698 detinet,

471 715 583 748 iisdem
609 713 726 747 libellis
746 713 805 747 sub
827 712 910 746 iusta
926 711 1090 757 pensionis
1111 711 1208 744 aesti-

470 768 611 802 matione
633 767 734 808 sactis,
757 766 928 801 statuimus
948 766 1140 800 collocanda
1152 765 1212 799 hac

470 821 596 856 ratione
609 822 630 862 ¹,
651 820 739 865 quod
760 819 792 853 in
810 830 874 865 quo
893 820 997 853 modis
1017 819 1083 853 suis
1107 819 1213 853 solent

469 875 628 920 accipere,
661 874 720 919 ipsi
753 874 930 915 retineant;
958 874 1046 918 quod
1066 879 1213 918 superest

469 928 694 964 ecclesiasticis
719 928 856 962 inserant
874 927 1079 972 compendiis
1100 928 1212 972 prosu-

471 989 591 1018 turum.
615 982 706 1016 Circa
722 981 856 1027 praedia
873 981 1009 1022 urbana,
1032 981 1080 1015 vel
1093 980 1213 1015 rustica

470 1043 663 1082 caeteraque
677 1036 810 1070 mobilia
822 1047 881 1081 pro
895 1036 1021 1070 animae
1041 1046 1118 1069 suae
1130 1046 1214 1068 mer-

471 1091 548 1126 cede
566 1102 583 1124 a
600 1090 751 1125 fidelibus
765 1089 956 1123 nominatim
976 1089 1109 1123 diversis
1127 1088 1213 1122 Basi-

472 1145 541 1179 licis
562 1145 716 1179 derelicta
732 1150 823 1178 velus
837 1143 1037 1177 consuetudo
1055 1148 1209 1176 servetur.

471 1198 593 1233 Notarii
626 1209 701 1232 vero
726 1198 812 1231 iuxta
836 1197 985 1231 ordinem
1010 1196 1211 1236 matriculae,

472 1251 660 1296 primicerii,
681 1250 908 1292 secundicerii,
927 1250 1050 1291 tertius,
1066 1255 1211 1294 quartus,

472 1305 621 1349 quimus,
645 1310 770 1346 sextus,
799 1304 956 1349 septimus
980 1315 1038 1338 suo
1067 1303 1214 1348 periculo

472 1359 504 1392 in
526 1364 701 1403 conspectu
721 1359 986 1402 presbyterorum
1008 1363 1039 1392 et
1059 1357 1215 1391 diacono-

474 1423 543 1446 rum
577 1413 773 1447 documenta
805 1411 1021 1445 ecclesiastica
1051 1411 1110 1444 sub
1137 1411 1216 1444 lide-

472 1466 551 1500 lium
584 1465 732 1499 brevium
764 1465 983 1509 descriptione
1019 1463 1213 1508 suscipiant,

472 1525 518 1560 nt,
535 1519 660 1564 quoties
679 1518 820 1562 exegerit
840 1529 954 1560 causa,
979 1517 1120 1552 fideliter
1139 1528 1215 1561 pro-

474 1574 639 1614 ferantur,
679 1573 892 1613 contradant,
923 1578 1019 1616 atque
1044 1571 1213 1616 recipiant.

473 1626 587 1662 Omnia
610 1632 716 1660 tamen
738 1637 810 1661 cum
844 1626 985 1660 iussione
1018 1631 1048 1658 et
1078 1624 1213 1658 ordina-

475 1682 560 1716 tione
585 1680 729 1725 episcopi
749 1680 797 1714 sui
816 1681 947 1714 eosdem
968 1679 1118 1713 iubemus
1142 1680 1213 1713 effi-

474 1746 557 1769 cerc.
596 1735 671 1768 Ideo
705 1734 791 1767 enim
822 1733 972 1767 universa
1004 1733 1217 1767 describenda

473 1796 546 1824 sunt
578 1789 795 1824 ecclesiastica
826 1789 1043 1830 documenta,
1076 1799 1116 1822 ne
1151 1788 1217 1822 ullo

474 1844 572 1877 modo
593 1848 648 1876 aut
666 1848 815 1886 suscepta
828 1847 972 1886 pereant,
989 1848 1043 1876 aut
1058 1847 1214 1886 tempore,

473 1908 537 1941 quo
561 1903 636 1931 sunt
652 1896 833 1931 necessaria
853 1896 1047 1930 utilitatibus
1068 1895 1218 1930 ecclesia-

473 1951 580 1992 sticis,
615 1950 759 1985 exhiberi
784 1950 1001 1994 nonpossint.
1025 1949 1087 1991 Qui
1111 1955 1217 1983 tamen

474 2005 591 2038 notarii
614 2005 644 2037 in
665 2002 773 2038 officio
798 2015 856 2038 suo
883 2004 1089 2038 observantes
1104 2030 1111 2040 ,
1140 2009 1219 2036 stre-

474 2057 542 2097 nui,
556 2061 796 2102 consequantur
809 2057 878 2091 sine
892 2056 1118 2090 imminutione
1132 2066 1219 2089 com-

476 2110 572 2143 moda
597 2110 669 2152 sibi,
697 2111 744 2143 rel
767 2109 931 2154 prioribus
957 2110 1023 2143 suis
1042 2109 1219 2154 antiquitus

476 2164 638 2208 deputata.
668 2165 730 2209 lpsi
758 2165 874 2203 ctiam,
902 2164 985 2198 sicut
1005 2163 1102 2206 exigit
1122 2163 1216 2205 ratio,

477 2224 507 2250 et
528 2218 701 2262 antiquitus
719 2219 890 2255 ordinavit,
913 2218 1052 2258 libellos,
1076 2222 1106 2251 et
1126 2227 1219 2250 secu-

479 2271 891 2316 ritatestotiuspatrimonii
906 2271 1126 2311 ecclesiastici,
1138 2280 1219 2315 quo-

479 2335 550 2358 rum
566 2325 713 2366 interest,
730 2325 929 2369 subscriptos
946 2324 1090 2369 episcopi
1109 2334 1217 2365 manu,

478 2379 678 2411 contradant.
703 2378 824 2418 Quibus
844 2390 919 2412 vero
949 2389 1022 2412 eum
1047 2377 1221 2412 saecularis

480 2432 733 2465 conversationis
755 2432 942 2466 hominibus
962 2433 1085 2466 nullam
1110 2441 1221 2465 neces-

515 2530 527 2556 1
548 2540 559 2554 «
576 2529 610 2557 Ul
620 2529 810 2564 eaeindequod
824 2530 917 2558 modis
932 2530 1026 2558 suis».
1044 2529 1140 2557 lllurat.
1154 2528 1222 2557 Sane

480 2574 512 2601 all
537 2574 698 2602 locutionem
719 2575 828 2601 rectius.

516 2620 531 2646 :2
551 2620 652 2646 Sensus
666 2618 805 2653 requirere
823 2619 925 2648 videtur
941 2620 1113 2650 sollicitudo.

990 234 1144 258 Arrfixntx
1171 232 1314 257 BtLLAnu
1341 233 1459 257 ROMAul

2015 233 2066 260 An.
2084 233 2114 261 C.
2131 234 2182 263 528
2195 211 2208 243 ‘5
2221 246 2231 266 ,¹

1241 280 1366 314 sitatem
1387 280 1434 314 rei
1454 279 1620 313 sainiliaris
1649 280 1859 315 tolerantibus
1880 281 1982 316 eccle·
2036 295 2129 316 mamm
2147 294 2198 317 aa·

1241 333 1359 367 siastici
1380 333 1459 366 iuris
1478 333 1610 378 praedia
1633 333 1681 367 vel
1703 333 1838 375 urbana,
1859 336 1906 368 vel
1927 346 1982 368 ru-
1997 322 2172 370 iiiiiic'a‘ifiiaiu‘i
2227 326 2231 336 ¹

1242 387 1321 421 stica
1335 387 1407 421 data
1419 393 1505 427 sunt,
1523 387 1664 431 episcopi
1681 387 1914 422 sollicitudine⁹
1926 399 1984 432 per

1244 452 1309 482 eos,
1339 441 1457 485 quibus
1481 440 1626 482 iusserit,
1661 440 1797 475 clericos
1817 441 1857 474 ad
1878 441 1984 474 domi-

1244 495 1334 528 nium
1366 500 1495 528 revocet
1531 494 1695 535 ecclesiae,
1729 504 1789 527 nec
1821 494 1984 538 deinceps,

1244 554 1373 592 praeter
1390 559 1519 582 causam
1537 548 1687 592 superius
1704 547 1984 592 comprehensam,

1245 602 1323 635 dare
1354 607 1551 646 praesumat.
1572 601 1703 634 Mastalo
1723 611 1800 634 vero
1821 600 1985 634 archidia-

1246 666 1347 689 conus
1357 655 1511 689 ecclesiae
1520 654 1712 689 Ravennatis
1723 655 1896 688 commoda
1904 654 1988 688 eius·
2029 667 2119 689 Mutato
2130 672 2187 697 εφη.

1246 710 1320 744 dem
1332 710 1343 726 ³
1359 710 1432 744 loco
1443 710 1530 744 iuxta
1541 709 1707 754 antiquam
1718 708 1987 743 consuetudinem
2003 695 2129 744 ssl'ssssefflff
2150 700 2188 716 ¹¹¹¹'

1246 764 1400 807 deputata
1440 764 1510 797 sine
1547 764 1775 797 imminutione
1808 762 1985 808 percipiat,

1246 818 1329 851 sicut
1349 829 1415 860 eos,
1439 817 1493 862 qui
1514 823 1587 851 ante
1608 828 1681 851 eum
1702 817 1842 858 suerunt,
1863 817 1989 852 clarue-

1247 872 1287 906 rit
1299 877 1526 916 consequutos.
1543 871 1736 905 Monasteria
1749 881 1825 905 vero
1845 870 1989 905 virorum
2038 882 2188 913 Quqevishmo-

1247 926 1311 960 sire
1332 926 1523 960 ancillarum
1539 926 1594 959 Dei
1612 926 1651 959 ab
1669 925 1821 970 episcopo
1838 912 2190 967 01·dinen-lll⁵{t‘r¹÷}‹fi{l⁵13?‚i

1248 986 1309 1022 tur,
1338 986 1373 1014 ut
1397 980 1549 1013 omnibus
1581 979 1675 1021 ratio,
1710 979 1842 1018 iustitia,
1877 989 1938 1023 pax
1958 983 1991 1012 et
2004 963 2110 986 mmm

1248 1034 1419 1079 disciplina
1449 1039 1604 1068 servetur.
1639 1034 1664 1067 A
1692 1032 1786 1067 uobis
1816 1032 1897 1066 haec
1927 1032 1991 1067 loci

1248 1088 1350 1122 nostri
1370 1087 1468 1131 exigit
1488 1087 1570 1120 ratio
1588 1096 1654 1120 non
1673 1091 1778 1119 tacere
1789 1085 1810 1126 ⁴,
1827 1085 1917 1118 fratri
1930 1095 1991 1119 no-

1249 1147 1316 1176 stro
1336 1140 1479 1175 Ecclesio
1500 1151 1537 1174 ea
1560 1139 1708 1173 imminet
1719 1138 1892 1180 custodire,
1917 1138 1993 1183 quia

1249 1205 1362 1239 pacem
1390 1199 1525 1237 generat
1556 1203 1629 1227 eum
1662 1192 1840 1226 canonibus
1870 1197 1994 1226 servata

1250 1247 1379 1282 iustitia.
1403 1248 1446 1281 De
1467 1246 1587 1280 iustitia
1608 1245 1746 1280 charitas
1763 1245 1923 1289 procedit,
1935 1255 1994 1289 per

1250 1313 1347 1347 quam
1372 1302 1473 1336 Deum
1494 1301 1641 1335 videmus
1656 1328 1663 1342 ‚
1685 1305 1715 1333 et
1734 1310 1793 1344 per
1812 1299 1904 1333 cuius
1922 1309 1994 1342 gra-

1251 1355 1326 1388 tiam
1355 1355 1436 1388 haec
1455 1364 1626 1398 possumus
1652 1358 1827 1398 praecepta
1849 1362 1989 1386 servare.
2223 1392 2225 1396 v

1250 1409 1285 1442 In
1305 1409 1396 1442 nullo
1423 1419 1499 1451 ergo
1524 1418 1592 1442 esse
1613 1406 1762 1441 convenit
1782 1405 1994 1449 negligentes,
2035 1416 2212 1449 nmmum

1250 1463 1305 1496 sed
1332 1462 1501 1505 vigilantes
1532 1461 1572 1495 ad
1604 1460 1731 1502 omnia,
1763 1465 1797 1494 ut
1821 1460 1990 1500 talentum,
2007 1443 2083 1491 minio
2105 1448 2194 1464 mm*

1251 1516 1339 1560 quod
1355 1515 1450 1550 nobis
1467 1521 1513 1549 est
1534 1514 1704 1556 creditum,
1726 1524 1798 1547 cum
1819 1513 1896 1547 boni
1918 1523 1995 1557 ope-

1253 1570 1295 1604 ris
1313 1575 1487 1613 augmento
1510 1569 1571 1614 ipsi
1593 1568 1738 1602 omnium
1756 1568 1918 1602 bonorum
1935 1567 1995 1600 Da-

1253 1624 1314 1658 tori
1339 1623 1525 1657 reddamus.
1555 1621 1825 1665 Rccognorimus.
1855 1620 1990 1655 Coelius.

1296 1679 1393 1712 Fssmx
1429 1677 1600 1722 episcopus
1623 1675 1784 1710 Ecclesiae
1816 1674 1995 1708 catholicae

1253 1731 1342 1765 urbis
1366 1732 1488 1765 Romae
1508 1729 1583 1764 huic
1603 1729 1778 1763 constituto
1792 1728 1876 1761 inter
1888 1733 1996 1772 partes

1252 1785 1439 1830 subscripsi.

1253 1857 1397 1891 Nomina
1411 1856 1686 1900 presbylcrorum,
1702 1854 1927 1894 diaconorum,
1947 1851 1997 1885 vel

1298 1901 1491 1934 clericorum
1518 1900 1720 1934 Ravennatis
1750 1898 1911 1939 ecclesiae,
1937 1897 1997 1941 qui

1298 1948 1435 1980 Romam
1458 1949 1612 1979 venerunt
1633 1955 1707 1977 cum
1727 1944 1882 1987 episcopo.

1344 1999 1495 2033 Pau-iiius
1515 1999 1692 2043 presbyter.

1343 2054 1524 2099 Stephanus
1548 2053 1727 2096 presbyter.

1343 2107 1569 2141 Constantinus
1593 2105 1770 2150 presbyter.

1343 2161 1526 2195 Servandus
1549 2159 1729 2204 presbyter.

1344 2267 1537 2312 Euperatius
1560 2266 1740 2310 presbyter.

1344 2321 1490 2355 Clemens
1515 2319 1681 2353 diaconus.

1345 2375 1444 2408 Ursus
1469 2373 1634 2407 diaconus.

1346 2427 1561 2462 Felicissinms
1585 2426 1752 2459 diaconus.

1292 2526 1308 2553 3
1324 2537 1335 2551 «
1350 2526 1452 2553 Eidem
1466 2535 1477 2551 ι»
1496 2524 1534 2552 ld.
1548 2523 1626 2551 Forte
1635 2522 1668 2550 ad
1678 2522 1759 2550 locut.
1771 2523 1888 2548 context.
1907 2519 1995 2548 minus

1259 2570 1344 2594 recte.

1293 2608 1308 2633 k
1327 2607 1471 2635 «Ἰᾘςωῆ»
1491 2606 1529 2633 hb

1292 2652 1308 2679 Γ)
1352 2652 1498 2681 Honorius
1510 2651 1689 2686 presbyteras
1703 2659 1712 2674 n
1730 2649 1770 2676 ld.
