2244 3183
515 216 556 248 70

485 274 686 308 dilectionem
719 280 804 307 tuam
831 279 861 307 et
881 274 1071 307 catholicam
1099 274 1216 307 frater-

483 328 614 360 nitatem
637 327 679 360 ita
699 327 811 371 spiritu
834 327 907 360 fidei
929 327 1035 369 vigere
1055 327 1220 369 cognosci-

484 391 564 420 mus,
589 386 623 413 ut
643 381 794 413 cordibus
814 381 926 413 vestris
946 380 1026 413 niliil
1046 380 1218 413 iufirmita-

485 434 522 467 tis
546 434 707 467 haeretica
737 434 837 478 possit
867 434 984 467 inferre
1010 434 1156 467 tentatio:
1181 435 1220 467 ad

483 498 578 531 quani
600 487 751 521 divinitus
782 488 1008 521 destruendam
1030 498 1088 521 nec
1109 488 1218 525 defuit,

484 546 518 573 ut
538 540 640 580 scitis,
665 541 847 574 sollicitudo
862 546 981 581 nostra,
997 551 1055 574 nec
1077 539 1083 556 ¹
1106 541 1218 581 deerit,

484 595 586 628 donec
612 594 842 638 omnipotentis
868 595 998 628 dextera
1017 595 1071 628 Dei
1086 594 1096 611 ²
1114 595 1221 628 omnia

485 647 603 681 diaboli
623 659 713 680 arma
734 648 932 690 confringat,
957 648 1006 681 cui
1029 649 1069 681 oli
1091 649 1151 681 lioc
1165 648 1222 681 ali-

484 701 562 745 quid
587 701 705 735 audere
736 701 953 745 permittitur,
985 707 1018 734 ut
1040 712 1056 734 a
1074 702 1222 735 fidelihus

484 755 597 789 Christi
629 756 729 797 gloria
756 756 878 789 maiore
898 756 1052 789 vincatur.
1084 756 1114 789 Si
1145 756 1222 800 quid

485 816 590 843 autem
618 816 672 843 aut
697 810 920 843 difficultatum
949 810 1139 851 intervenit,
1169 816 1223 844 aut

486 875 663 905 morarum,
687 875 759 898 cum
772 864 1000 908 equanimitate
1018 864 1221 898 tolerandum

486 923 555 952 cst:
586 918 739 962 quoniam
762 918 817 951 ubi
847 918 963 951 veritas
984 923 1030 951 est
1058 918 1220 961 magistra,

485 981 662 1016 numquam
689 972 804 1005 desunt
825 971 931 1005 divina
951 971 1086 1011 solatia,
1111 972 1224 1005 fratres

487 1025 653 1058 carissimi.
678 1025 826 1064 Quamvis
846 1035 922 1067 ergo
942 1036 1059 1068 magua
1078 1026 1222 1059 locorum

487 1079 653 1112 intervalla
694 1089 752 1112 nos
777 1079 940 1119 dividant,
975 1079 1096 1112 unitate
1118 1084 1223 1113 tamen

487 1131 562 1165 fidei
582 1132 748 1165 vobiscum
773 1143 894 1173 sumus,
919 1138 949 1165 et
972 1138 1039 1165 toto
1060 1132 1157 1165 corde
1178 1133 1225 1165 Ie-

486 1196 555 1218 sum
574 1185 731 1219 Christum
754 1186 923 1219 Dominum
945 1191 1090 1219 nostrum
1112 1196 1222 1219 verum

485 1238 604 1278 Deum,
630 1243 661 1271 et
682 1248 793 1271 verum
819 1238 984 1271 hominem
1020 1238 1220 1279 confitentes,

485 1291 573 1324 nulla
598 1291 629 1324 in
661 1291 750 1324 vobis
777 1291 970 1324 detrimenta
997 1291 1220 1334 perpetimur,

486 1356 558 1378 cum
592 1345 630 1378 dc
655 1350 776 1377 vestrae
811 1345 1018 1388 professionis
1051 1345 1224 1378 concordia

486 1398 674 1441 gloriamur:
700 1403 820 1431 lantum
842 1403 874 1431 ut
900 1398 937 1431 sit
965 1398 1136 1431 auxiliante
1156 1399 1220 1432 Do-

486 1451 573 1484 mino
581 1451 985 1495 constantiapei‘seveiuns,
1001 1452 1127 1485 dicento
1141 1453 1225 1496 Apo-

284 225 333 252 An.
351 225 379 252 C.
400 225 452 253 450

298 539 466 560 Sollicitudinem

284 572 342 586 suain
358 572 378 586 iii
394 566 467 587 haere-

283 599 321 613 siiii
333 593 432 613 ostendii.

312 1127 418 1148 Unitatem
435 1133 469 1147 ca-

286 1154 386 1174 thoiicam
410 1153 470 1174 dissi*

286 1181 470 1206 iaoreginnesnon

286 1207 409 1228 dissolvunt.

485 1505 578 1537 stolo:
598 1504 688 1536 Vobis
697 1505 784 1537 enim
797 1504 951 1537 donatum
974 1504 1038 1536 ³03!
1057 1515 1116 1547 pro
1133 1505 1225 1539 Chri-
1254 1543 1258 1548 ἡ

485 1561 542 1597 sto,
571 1568 636 1590 uon
661 1557 763 1590 solum
792 1561 828 1589 ut
851 1558 885 1589 in
911 1568 984 1590 etim
1009 1557 1147 1590 credatis
1171 1557 1225 1590 sed

486 1611 585 1643 ctiam
604 1615 640 1644 ut
653 1611 662 1627 ⁴
672 1621 732 1654 pro
754 1610 812 1643 illo
828 1611 1011 1653 patiamini
1022 1611 1042 1643 ⁵.
1067 1611 1112 1643 Ad
1128 1621 1222 1654 quain

485 1664 705 1697 fortitudinem
735 1669 916 1697 sanctarum
945 1663 1099 1697 mentium
1122 1664 1221 1698 robo-

486 1718 632 1759 randam,
658 1719 771 1750 fratres
795 1723 923 1751 nostros
944 1723 1039 1761 atquc
1060 1718 1182 1760 legatos
1200 1718 1220 1759 ⁶,

487 1781 567 1814 quos
595 1781 653 1815 pro
682 1772 878 1816 apostolicae
904 1772 978 1805 fidei
1003 1772 1150 1805 libertale
1171 1772 1221 1805 di—

485 1824 646 1866 reximus,
671 1830 702 1857 et
728 1836 808 1868 quos
829 1825 950 1858 dudum
977 1825 1062 1868 apud
1083 1835 1137 1858 vos
1158 1835 1225 1858 csse

487 1878 680 1912 confidimus
695 1906 702 1919 ‚
726 1878 903 1922 plurimum
925 1878 1087 1911 credimus
1108 1879 1222 1922 prosu-

486 1939 595 1966 turos:
620 1944 692 1965 cum
715 1932 811 1965 totius
840 1931 975 1966 actionis
995 1938 1124 1965 nostrae
1142 1932 1224 1965 didi-

487 1986 594 2019 ceritis
610 1985 771 2025 affectum,
796 1990 825 2018 et
843 1996 953 2018 curam
971 1990 1108 2018 vestram
1131 1990 1226 2028 atque

488 2039 658 2073 consilium
674 2039 749 2082 ⁷pio
771 2038 861 2082 operi
875 2039 885 2055 ὅ
906 2038 1083 2071 iunxeritis.
1105 2039 1148 2071 De
1163 2049 1226 2082 qua

487 2103 521 2126 re
541 2103 606 2126 non
627 2103 755 2125 necesse
776 2098 822 2125 est
848 2102 934 2124 nunc
953 2091 1048 2124 latius
1069 2091 1223 2132 scribere,

487 2157 560 2180 cum
579 2146 641 2179 iam
663 2156 721 2189 per
737 2145 938 2189 supradictos
957 2145 1150 2178 sufficientes
1162 2145 1227 2189 epi-

304 1658 334 1679 Ad
345 1658 399 1679 hanc
407 1657 469 1679 robo-

287 1685 374 1714 randam
390 1685 471 1711 legatos

286 1714 350 1732 misit.

313 2058 349 2079 His
360 2060 381 2079 et
391 2058 469 2084 episto-

286 2085 317 2105 ias
326 2085 420 2109 tradidit,
441 2085 471 2105 ui·

287 2111 326 2132 hus
341 2117 412 2132 omnes
441 2117 472 2131 ra⁴

287 2141 329 2158 tros
365 2139 471 2160 insti-uan-

288 2167 327 2186 tur.

523 2273 534 2298 1
558 2271 676 2298 Cacciar.
689 2270 706 2297 l.
724 2279 747 2297 c.
770 2279 837 2297 uon.
855 2270 932 2297 Forte
949 2278 979 2296 ex
991 2269 1087 2297 mendo
1105 2272 1228 2306 typogra-

486 2315 576 2352 phico-

522 2362 537 2388 2
562 2371 573 2385 ι
590 2360 646 2388 Vnt.
670 2361 737 2387 1340
752 2359 838 2388 omitt.
855 2360 911 2387 Dei
925 2371 951 2386 n.
973 2359 1090 2386 Caeciar.
1113 2359 1130 2386 1.
1151 2368 1173 2387 e.

522 2406 538 2433 3
561 2406 626 2433 «Al.
644 2405 744 2433 datum
760 2416 785 2432 n.
811 2405 934 2432 Ballerin.
952 2404 1003 2431 001.
1025 2404 1102 2431 1021.

524 2451 539 2477 t
559 2450 676 2477 Cacciar.
694 2450 711 2477 l.
729 2459 752 2477 c.
765 2449 861 2477 omittit
878 2452 905 2477 iit
920 2453 1013 2476 contra
1025 2448 1099 2484 Vulg.
1118 2452 1227 2476 textum.

523 2496 540 2522 5
561 2494 627 2521 Phil.
649 2503 668 2527 i,
690 2494 734 2521 29.

523 2540 539 2567 6
558 2540 671 2575 Legatos
691 2538 787 2573 innuit,
804 2538 836 2565 de
852 2538 950 2575 quibus
964 2538 991 2565 in
1005 2537 1230 2574 praecedentibus

489 2584 609 2620 epistolis
624 2590 714 2616 xxxix,
730 2590 775 2618 XL,
791 2590 842 2610 xri.

525 2629 539 2655 7
564 2639 576 2653 a
595 2628 658 2657 Cod.
676 2628 758 2656 Grim.
779 2629 901 2656 consilia
914 2639 940 2655 ³),
962 2628 1081 2656 Caeciar.
1099 2629 1116 2656 l.
1135 2638 1158 2656 c.

1009 225 1169 249 Ari‘Eme
1189 224 1339 250 BULLARii
1357 225 1477 250 noiiANi

1242 1884 1396 1912 ivestrain
1418 1879 1609 1912 sacerdotali
1636 1878 1805 1912 affectione
1826 1888 1889 1911 non
1911 1878 1996 1912 desi·
2015 1883 2050 1903 ¹¹¹·

2025 221 2074 248 An.
2091 221 2121 249 C.
2140 221 2193 250 ⁴50
2230 259 2235 266 1

1253 274 1348 307 stolas
1368 274 1379 291 ⁰
1399 273 1591 311 miserimus,
1612 272 1728 317 quibus
1749 271 1988 305 abundantissi-

1256 338 1305 361 me
1326 328 1430 361 omnis
1462 327 1620 360 calholica
1650 325 1832 358 fraternitas
1852 325 1989 358 instrua-

1256 387 1316 414 tur.
1344 381 1473 414 Divinae
1498 381 1557 413 crit
1577 379 1721 419 virtutis,
1750 384 1780 412 et
1809 379 1930 421 gratiae
1959 384 1994 412 ut

1256 435 1309 468 Dei
1328 435 1435 474 Filius,
1467 434 1521 477 qui
1547 439 1693 465 naturam
1715 431 1848 465 humani
1868 431 1993 474 generis

1256 498 1344 521 suani
1364 488 1451 528 fecit,
1473 487 1610 531 amplius
1631 496 1726 530 quam
1747 485 1892 518 videmus
1906 483 1928 501 ¹⁰
1939 489 1994 518 aut

1256 541 1417 585 sapimus,
1441 551 1593 583 magnum
1626 539 1753 583 pietalis
1777 549 1853 572 suae
1874 543 1993 572 asserat

1256 599 1504 634 sacramentum,
1529 593 1615 637 quod
1635 592 1735 636 impin
1755 591 1919 624 temeritas
1933 591 1993 624 sibi
2035 594 2198 627 Ereciocom'

1257 649 1386 692 quidem
1423 646 1600 687 fraudavit,
1631 645 1686 678 sed
1717 644 1812 678 rectis
1841 644 1994 678 cordibus
2009 631 2192 681 Sl'ss‘lllffi'i.⁶‘¹⁰⁵

1257 702 1383 734 auferre
1402 711 1466 733 non
1488 699 1602 744 potuit.

1300 756 1368 788 Dat.
1386 754 1491 787 idibus
1505 752 1712 797 Septembris,
1727 751 1950 786 Valentiniano
1965 757 1995 786 et

1257 809 1376 842 Avieno
1389 808 1465 841 viris
1485 807 1669 840 clarissimis
1689 805 1885 840 consulibus.

1292 871 1348 898 Dat·
1367 872 1398 898 13
1413 869 1548 906 Septemb.
1565 877 1609 896 an.
1627 869 1688 897 450.

1458 1030 1641 1064 EPISTOLA
1662 1030 1748 1063 XLIV
1762 1029 1793 1062 ¹¹.

1259 1129 1401 1162 Marti'no
1421 1140 1458 1162 ac
1481 1129 1603 1162 Fausto
1627 1127 1884 1161 sollicitudinem
1902 1137 1998 1160 suam

1303 1187 1338 1219 in
1358 1187 1547 1219 universam
1570 1186 1747 1220 Ecclesiam-
1772 1186 1996 1219 demonstrans

1301 1245 1545 1287 Eiiiycliimzam
1560 1244 1718 1277 haeresim
1731 1248 1910 1284 execratur,
1934 1254 1998 1276 eos-

1303 1313 1364 1347 que
1398 1306 1513 1345 φοραί,
1543 1306 1579 1333 ut
1610 1301 1753 1334 viriliter
1781 1305 1937 1334 certantes
1961 1301 1999 1334 dc

1302 1361 1376 1405 fidei
1394 1364 1482 1393 stata
1499 1370 1559 1403 pro
1579 1359 1742 1392 occasione
1758 1360 1913 1401 scribant,
1930 1369 1998 1393 cae-

1305 1419 1443 1462 terisque
1472 1418 1639 1451 catholicis
1663 1421 1845 1461 praesentes
1873 1417 1998 1451 litteras

1302 1476 1547 1510 comiiziinicent.

1432 1574 1488 1602 Leo
1509 1574 1620 1601 Fausto
1641 1575 1671 1600 et
1691 1573 1821 1601 Martino

1354 1627 1538 1662 preshyteris
1557 1630 1587 1654 et
1603 1626 1899 1662 archimandritis212.

1417 1682 1471 1709 Per
1491 1681 1682 1708 Maximinum
1703 1680 1852 1709 comitem.

2070 1775 2198 1797 Litterarum

2015 1801 2135 1829 froqnentia
2145 1801 2199 1823 Leo-

2014 1829 2047 1849 ni's
2061 1828 2169 1850 sotei-iiam
2178 1827 2199 1849 in

2015 1855 2133 1876 Ecclesiam
2147 1860 2199 1882 ape-

1303 1774 1374 1806 tliir.
1399 1773 1420 1805 I.
1445 1771 1561 1805 Omnes
1580 1770 1741 1805 scribendi
1764 1771 1948 1805 occasiones
1961 1770 1999 1804 li-

1259 1825 1372 1859 beuter
1404 1825 1600 1869 amplectens
1616 1852 1623 1866 ,
1647 1825 1767 1868 alloqui
1794 1824 1998 1858 dilectionem

1260 1943 1312 1965 no:
1337 1938 1372 1965 ut
1392 1942 1428 1965 ex
1444 1931 1512 1975 ipsa
1530 1931 1716 1975 'frequentia
1732 1929 1914 1965 litterarum
1925 1942 2000 1976 pos-

1260 1985 1326 2019 sitis
1344 1995 1530 2028 agnoscere,
1554 1989 1706 2028 quantam
1720 1995 1829 2018 curam
1841 1984 2001 2018 Ecclesiae

1261 2039 1449 2072 universalis
1470 2039 1658 2079 habeamus,
1674 2049 1734 2082 pro
1748 2038 1837 2072 cuius
1857 2038 2001 2082 piissima

1261 2093 1324 2125 fide
1345 2092 1520 2125 studiosius
1541 2092 1743 2126 defendenda
1764 2097 1900 2125 vestram
1922 2101 2001 2135 quo-

1262 2157 1323 2190 que
1360 2145 1564 2179 devotionem
1605 2150 1732 2190 oportet
1760 2145 1908 2178 laborum
1941 2155 2000 2178 no-

1297 2271 1312 2298 8
1336 2282 1347 2295 «
1368 2271 1410 2298 ΛΙ.
1428 2272 1478 2306 pio
1489 2280 1592 2307 opere3
1613 2271 1645 2298 al.
1664 2274 1821 2307 expungunt
1831 2271 1883 2306 pio
1899 2281 1924 2298 ».
1942 2270 2001 2299 Bai-

1263 2316 1338 2343 lerin.
1357 2319 1383 2342 et
1403 2316 1521 2343 Caeciar.
1540 2316 1566 2343 ll.
1590 2325 1628 2343 cc.
1646 2315 1722 2343 Male.

1297 2361 1313 2388 9
1337 2371 1348 2385 ι(
1368 2361 1458 2387 Innuit
1473 2361 1646 2396 praecedent.
1671 2360 1812 2396 epistolam
1834 2367 1914 2388 xm».
1944 2361 2003 2388 Bal-

1262 2405 1339 2433 lerin.
1362 2405 1378 2432 l.
1399 2414 1420 2432 c.

1299 2450 1331 2477 10
1346 2450 1462 2477 Cacciar.
1478 2450 1494 2477 l.
1509 2458 1531 2477 c.
1546 2458 1606 2477 cum
1622 2457 1684 2477 mss.
1695 2449 1776 2477 vatic..
1791 2449 2000 2484 praevidemus.

1301 2496 1325 2521 ll
1347 2493 1382 2520 Ex
1400 2494 1464 2521 edil.
1487 2493 1610 2521 Ballerin.
1630 2494 1698 2529 Opp.
1717 2494 1745 2521 S.
1772 2493 1874 2522 Leonis
1894 2497 1958 2520 tom.
1979 2501 2001 2529 -1‚

1263 2539 1312 2566 col.
1332 2539 1408 2566 1922.

1300 2584 1332 2611 12
1352 2584 1469 2612 Cacciar.
1489 2585 1556 2620 Opp.
1573 2585 1602 2613 S.
1624 2584 1726 2612 Leonis
1747 2587 1813 2620 part.
1827 2590 1854 2617 ιι,
1876 2592 1935 2620 pag.
1952 2584 2004 2611 239

1264 2637 1324 2656 cum
1344 2629 1377 2656 al.
1395 2628 1480 2657 omitt.
1502 2632 1527 2657 el
1541 2629 1788 2656 archimandritis
