2244 3183
80 233 134 260 An.
154 231 183 260 G.
199 231 252 260 489

891 236 918 259 S.
946 234 1038 258 FELIX
1063 234 1099 259 111
1124 235 1171 259 PP.

1706 225 1770 259 259
1835 235 1883 262 An.
1905 234 1933 262 c.
1951 234 2003 262 490

278 282 360 315 sicut
375 291 516 327 semper,
533 283 655 317 unitam
665 282 1025 327 suapostDeumplaci-
1059 282 1099 315 cii
1120 283 1130 299 ⁴
1165 283 1285 316 suerint
1307 285 1346 317 de
1376 283 1594 317 ecclesiastica
1614 283 1805 317 recitatione

278 335 377 369 ditate
394 337 562 370 concedat.
583 336 776 376 Quoniamet
792 336 853 369 hoc
870 346 1023 379 praesen-

280 389 318 422 tis
338 389 497 422 felicitatis
518 389 586 423 eius
606 389 805 423 incrementa
825 389 1020 428 desiderant,

279 449 309 476 et
340 444 588 487 consequendae
609 444 731 477 fructus
751 442 951 476 aeternitatis
972 453 1023 475 ex-

279 496 392 541 poscit.
416 497 626 531 Dilectionem
649 507 724 530 vero
738 502 824 529 tuam
839 496 1023 540 specialiter

113 559 264 580 Vetranionom
279 561 485 591 commoneo,
503 557 600 595 atque
619 556 784 584 contestor
805 550 836 583 in
851 550 906 583 illo
920 550 1022 584 nostri

79 588 264 639 Ξῖζῖἓῑὲεὲἶῑῗιῗὲ-
279 605 452 638 Salvatoris
469 605 617 638 examine
642 605 846 639 formidando
864 604 1022 638 rationem

79 643 191 670 „quamn
279 659 357 692 mihi
376 659 481 692 modis
499 659 880 699 oinilibusi'edditui‘ani;
897 658 923 691 si
941 669 1023 702 quae

277 723 336 756 pro
358 713 541 755 integritate
561 713 673 746 salutis
699 713 871 753 humanae,
894 723 954 757 pro
971 723 1023 746 or-

278 766 418 800 thodoxa
438 772 534 811 atque
554 767 695 810 regulari
713 767 942 801 constitutione
955 778 1023 800 ma-

278 820 396 861 iorum,
421 826 452 854 et
472 821 576 854 veraci
597 826 692 865 atque
706 820 830 854 sincera
851 821 948 854 totius
969 831 1021 854 ec-

277 873 392 907 elesiae
409 884 488 918 pace
508 875 688 918 reparanda
708 874 862 917 delegari,
880 875 967 918 quod
982 875 1021 908 de

278 932 334 961 tua
356 933 464 962 mente
492 938 557 962 non
583 928 764 969 credimus,
791 929 920 972 segnius
942 940 1017 963 exe·

278 980 389 1025 quaris
402 979 420 1013 ¹.

499 1323 684 1358 EPISTOLA
704 1324 759 1358 XII
772 1324 792 1357 ².

276 1450 450 1493 Significat
480 1459 554 1482 eum
583 1460 662 1483 novo
686 1451 831 1494 episcopo
862 1451 1022 1485 Ecclesiae

322 1517 385 1556 GP.
397 1532 462 1555 non
471 1522 566 1566 prius
584 1523 904 1564 com›nztm'candum‚
920 1535 1021 1568 quam

321 1605 341 1627 a
360 1595 439 1629 Sede
455 1595 481 1628 Α
484 1595 643 1639 postolicst
659 1596 759 1638 suerit
776 1596 927 1630 edictum.

516 1693 597 1721 Felix
621 1695 762 1722 Thalasio
778 1699 800 1720 ³.

321 1785 396 1818 Post
413 1786 511 1819 factas
536 1785 670 1827 litteras,
687 1797 766 1830 quas
786 1798 844 1831 per
864 1787 947 1821 filios
964 1799 1021 1821 no-

77 1842 360 1890 ,uecssssssrssssssssfslffis
385 1839 528 1881 religiosi
555 1840 713 1883 propositi
738 1841 823 1874 viros
854 1841 1019 1875 dilectioni

77 1895 263 1917 inuntcareadhuc
279 1899 350 1926 [uae
372 1893 517 1926 misimus
531 1894 779 1936 contradendas,
802 1905 841 1927 ne
858 1895 936 1939 quid
960 1897 1020 1928 mi-

77 1922 198 1944 nfflmw'
278 1957 337 1980 nus
348 1957 408 1991 pro
428 1947 606 1981 catholicae
628 1948 701 1981 fidei
720 1948 865 1982 custodia
883 1949 1020 1991 diligen-

279 2000 341 2034 tior
367 2011 445 2034 cura
475 2001 695 2045 prospiceret,
719 2002 909 2036 charitatem
932 2009 1019 2036 tuam

277 2054 426 2088 duximus
446 2055 697 2096 admonendam,
721 2060 755 2088 ut
775 2056 909 2098 etiamsi,
928 2068 1021 2101 prae-

276 2113 378 2142 stante
398 2109 462 2142 Deo
476 2113 599 2148 nostro,
623 2109 755 2142 nomina
777 2109 1017 2151 damnatorum,

277 2162 355 2196 idest
396 2162 601 2196 Alexandrini
622 2162 718 2203 Petri,
740 2168 771 2197 et
790 2163 926 2198 infelicis
940 2166 1020 2199 Aca-

316 2290 323 2314 1
344 2287 403 2315 Dat.
424 2287 497 2314 iuxta
511 2287 576 2316 Jass‘t':
594 2289 611 2315 l.
628 2297 651 2315 c.
664 2297 727 2316 ann.
744 2290 806 2317 489.

310 2333 327 2360 2
342 2332 361 2359 Ε
372 2332 582 2369 SirmondiOpp.
593 2338 658 2361 tom.
669 2340 687 2369 1,
700 2343 761 2370 pag.
775 2335 834 2363 445.
849 2335 878 2362 In
889 2335 1016 2364 Virodun.

277 2378 335 2406 cod.
355 2377 508 2405 huiusmodi
532 2378 625 2406 titulus
649 2387 691 2414 ep.
722 2380 878 2415 praefigitur
896 2391 908 2405 α
924 2381 1019 2408 Exem—

276 2423 349 2459 plum
365 2423 504 2458 epistolae‚
522 2431 602 2459 quam
629 2424 800 2459 pertulerunt
818 2425 844 2452 in
859 2425 1018 2461 legationem

277 2467 373 2494 directi
398 2468 524 2494 monachi
551 2469 584 2494 ad
606 2469 745 2502 Rufinum,
763 2469 893 2504 Hilarum,
911 2474 937 2497 et
951 2470 1019 2497 'rha-

276 2512 373 2539 lasium
406 2512 639 2539 Areliimaudritas
666 2513 896 2549 Constantinopoli
921 2526 946 2540 ».
979 2514 1016 2541 ld.

277 2556 446 2584 Sirmondus.
477 2556 547 2584 llaec
569 2561 659 2584 autem
685 2566 699 2585 e
719 2557 815 2585 litteris
840 2558 1017 2585 Romanorum

278 2601 437 2628 Pontificum
454 2602 540 2637 prima
554 2606 604 2637 est,
626 2611 695 2637 quae
714 2602 887 2630 indictionem
909 2612 1017 2639 praese-

1057 336 1204 376 suhlata,
1241 342 1273 369 ut
1313 337 1434 370 similes
1465 336 1659 381 perditionis
1691 347 1804 370 eorum

1057 389 1227 423 sacerdotii
1256 400 1321 423 non
1345 390 1574 434 permittantur
1597 400 1805 434 praesumere

1058 442 1258 485 dignitatem,
1293 454 1358 477 non
1383 444 1472 488 prius
1504 450 1557 477 tua
1582 444 1727 483 dilectio,
1756 446 1803 478 vel

1057 495 1278 538 congregatio,
1293 507 1390 539 quam
1405 497 1566 539 gubernas
1579 497 1804 531 Constantino-

1056 549 1219 592 politanae
1229 549 1400 591 Ecclesiae,
1411 551 1457 583 vel
1471 551 1668 595 quicumque
1678 551 1746 585 eius
1756 552 1804 586 su-

1059 608 1148 635 turus
1162 609 1208 635 est
1228 603 1385 642 Pontifex,
1408 605 1717 638 communicandum
1736 616 1804 640 esse

1057 656 1222 694 decernat,
1248 667 1344 700 quam
1372 657 1411 690 ad
1432 657 1579 690 notitiam
1601 659 1690 692 Sedis
1711 660 1799 702 Apo-

1056 710 1187 743 stolicac
1209 716 1324 744 cuncta
1347 713 1530 744 reserantur
1558 712 1605 744 vel
1632 712 1731 756 ipsius
1749 713 1801 746 lit-

1057 763 1148 803 teris,
1184 763 1239 808 qui
1263 764 1360 797 suerit
1385 770 1511 798 creatus
1536 765 1725 809 episcopus,
1754 767 1801 800 vel

1055 822 1129 851 tuae
1154 817 1336 851 dilectionis
1361 818 1526 862 alloquiis3
1544 818 1619 862 quia
1639 818 1722 852 sicutv
1745 829 1802 862 per

1055 871 1293 914 professionem
1314 872 1507 905 catholicam
1529 871 1619 905 Sedis
1639 873 1801 916 Apostoli-

1055 936 1111 958 cae
1131 926 1269 959 formam
1291 931 1419 959 secutus
1443 937 1487 964 es,
1509 931 1544 959 ut
1558 931 1587 959 te
1607 937 1625 959 a
1650 926 1801 960 damnata

1054 979 1286 1012 communione
1306 980 1540 1024 suspenderes;
1568 979 1611 1013 ita
1637 980 1723 1013 beati
1744 980 1802 1014 Pe-

1054 1032 1093 1065 tri
1123 1032 1215 1076 sequi
1243 1032 1366 1066 debetis
1392 1033 1588 1077 exemplum,
1612 1038 1647 1066 ut
1670 1034 1801 1077 quando

1054 1085 1121 1119 eius
1146 1086 1336 1119 auctoritate
1354 1086 1449 1120 suerit
1473 1087 1575 1120 relata
1597 1087 1797 1127 communio,

1056 1145 1131 1173 tunc
1151 1140 1196 1174 eis
1217 1140 1313 1174 etiam
1339 1146 1430 1174 tuum
1450 1141 1577 1175 noveris
1598 1140 1799 1175 miscendum

1054 1204 1122 1228 esse
1139 1194 1349 1228 consortium.
1367 1195 1430 1228 Nec
1449 1195 1619 1239 quisquam
1633 1195 1799 1229 dilectioni

1055 1254 1127 1281 tuae
1159 1248 1292 1282 omnino
1322 1250 1528 1293 persuadeat,
1571 1249 1633 1282 iam
1655 1255 1798 1283 nostram

1055 1303 1319 1336 communionem
1341 1303 1403 1336 illis
1422 1303 1568 1347 partibus
1593 1303 1690 1337 fuisse
1710 1314 1800 1337 com-

1055 1355 1197 1396 missam,
1221 1366 1294 1389 eum
1312 1355 1420 1390 videas
1445 1356 1551 1389 adhuc
1572 1366 1623 1390 res
1648 1356 1679 1389 in
1700 1357 1799 1390 dubio

1056 1409 1261 1449 constitutas,
1294 1415 1325 1442 et
1349 1410 1435 1454 apud
1464 1420 1521 1443 nos
1547 1410 1587 1443 de
1608 1410 1673 1443 illic
1691 1416 1799 1445 creato

1055 1464 1209 1507 pontifice
1241 1463 1349 1497 onmia
1376 1464 1487 1497 haberi
1512 1474 1644 1508 prorsus
1664 1464 1795 1498 incerta.

1055 1517 1165 1561 Neque
1179 1523 1286 1561 posset
1306 1528 1378 1550 cum
1401 1528 1439 1550 eo
1459 1517 1576 1550 sociari
1597 1518 1796 1559 commuuio,

1056 1571 1147 1605 cuius
1167 1572 1274 1605 adhuc
1294 1583 1312 1605 a
1331 1572 1425 1606 nohis
1446 1583 1505 1606 nec
1519 1572 1624 1606 honor
1643 1572 1800 1616 probatur

1056 1636 1123 1659 esse
1152 1631 1330 1670 susceptus,
1363 1637 1421 1660 nec
1447 1626 1525 1660 fides
1546 1631 1642 1670 atque
1663 1626 1798 1660 intentio

1055 1679 1275 1723 comprobata.
1308 1680 1458 1724 Expectet
1489 1690 1567 1722 ergo
1593 1680 1723 1714 dilectio
1746 1686 1798 1714 tua

1055 1732 1144 1766 Sedis
1171 1733 1374 1776 Apostolicae
1403 1733 1594 1773 iussionem,
1618 1739 1649 1767 et
1673 1733 1718 1767 sic
1742 1734 1799 1767 Ec·
1813 1740 1998 1792 lmgffacffigfflSS-323

1055 1786 1170 1819 clesiac
1180 1785 1555 1830 Constantinopolitanae
1563 1797 1654 1820 sacra
1663 1797 1696 1820 se
1710 1798 1797 1821 com-
1813 1783 1936 1819 vectandis-

1055 1841 1209 1873 munione
1230 1840 1423 1883 coniungat,
1446 1841 1471 1874 si
1497 1841 1528 1874 in
1549 1841 1796 1885 participatione

1054 1894 1138 1927 beati
1152 1894 1248 1935 Petri,
1271 1900 1301 1927 et
1322 1894 1499 1928 catholicae
1513 1895 1653 1929 veritatis
1672 1895 1796 1930 deside-

1056 1953 1104 1980 rat
1121 1958 1322 1991 permanere.

1864 1258 1930 1279 Huius
1945 1260 2000 1280 enim

1814 1285 1897 1306 incerta
1911 1286 1971 1307 fides.

1098 2029 1175 2061 Data
1193 2029 1346 2062 kalendas
1365 2030 1464 2062 maias
1486 2030 1590 2064 Probo
1611 2036 1639 2064 et
1658 2031 1796 2064 Fausto⁵

1054 2083 1113 2115 W.
1142 2082 1212 2121 CC„
1236 2083 1415 2116 Indictione
1435 2094 1503 2118 xm.

1091 2174 1148 2201 [lat.
1166 2173 1209 2200 die
1228 2175 1235 2200 1
1257 2173 1328 2208 Maii,
1344 2183 1388 2201 an.
1407 2174 1511 2201 Domini
1531 2175 1591 2201 490.

1053 2294 1123 2317 ctam
1139 2298 1200 2317 ann.
1220 2290 1280 2317 2190.
1304 2291 1334 2316 V.
1365 2289 1430 2316 Jass‘c
1453 2290 1563 2324 Reyesl,
1588 2291 1665 2318 [lom.
1684 2291 1793 2326 Pontis.

1053 2343 1112 2370 pag.
1129 2335 1173 2362 51.

1088 2379 1103 2406 3
1119 2379 1159 2406 ΑΙ.
1179 2379 1335 2406 Thalassio.

1087 2425 1103 2451 4
1124 2425 1217 2452 Infelix
1238 2424 1366 2459 quidem!
1398 2424 1477 2452 homo
1506 2425 1577 2452 enim
1606 2426 1793 2453 ambitiosissi—

1052 2477 1121 2502 mus,
1143 2473 1170 2497 et
1189 2470 1292 2496 scelere
1312 2470 1433 2505 perditus
1453 2473 1528 2497 extra
1543 2470 1702 2497 catholicam
1723 2479 1795 2498 com-

1053 2514 1206 2541 munionem
1231 2518 1352 2542 mortuus
1377 2519 1417 2542 est
1442 2524 1513 2543 anno
1529 2515 1646 2550 Christi,
1670 2520 1698 2542 ut
1719 2516 1792 2543 vide-

1053 2564 1105 2593 tur,
1129 2559 1191 2585 48¹³.

1087 2605 1103 2631 Γ»
1123 2603 1253 2637 Longsz'no
1269 2606 1294 2630 cl
1316 2604 1433 2632 Fausto.
1452 2604 1604 2632 llarduinus
1619 2605 1726 2640 aliique.
1744 2605 1793 2631 Sed

278 2646 356 2681 serat,
377 2646 447 2674 unde
463 2647 596 2683 colligitur
619 2647 686 2675 lianc
706 2648 732 2674 in
757 2647 816 2675 illas
843 2648 925 2676 fuisse
941 2648 1018 2676 intlu-
1052 2649 1117 2676 Jattc·
1139 2650 1155 2675 Ι.
1178 2658 1200 2675 e.
1224 2649 1302 2677 nobis
1322 2649 1461 2678 adhaeret.
