2244 3183
278 163 327 190 An.
345 163 371 190 C.
393 163 444 191 453

305 549 354 569 Cum
369 549 462 569 haereti-

278 581 307 595 (ιι
323 581 390 595 sermo
401 578 461 595 caute

277 602 391 622 librandus>

325 867 458 891 Apostolus-ar·

275 891 338 912 Sedis
362 893 389 913 ad
414 893 460 913 1:13,

275 924 361 940 vianum
371 920 459 945 epistota

274 951 387 966 universae
399 951 459 972 syno-

275 971 302 992 do
317 972 413 998 probata,

312 1291 340 1311 Ac
360 1290 456 1311 Theodo-

272 1319 311 1336 roti
331 1317 402 1337 studio
421 1317 456 1337 de-

273 1343 336 1364 sensa.

304 1767 399 1789 Hostium
419 1774 453 1790 ca-

270 1794 352 1815 lumniis
371 1796 453 1816 subtra-

269 1820 337 1842 henda
345 1823 438 1844 occasio.

307 1981 416 2003 Nestorius
433 1984 453 2003 et

267 2009 374 2035 Eutyrhes
395 2010 452 2029 dam-

267 2036 330 2056 nandi
359 2037 452 2062 pariter,

268 2069 292 2083 ac
306 2062 425 2089 effugiendi.

508 155 572 189 12⁴2

478 214 577 246 frater
603 215 786 256 carissime,
811 222 844 249 ut
865 217 1144 262 quotiescumque,
1172 218 1219 252 di·

477 266 549 299 vina
574 267 677 309 gratia
697 268 954 311 administrante,
977 271 1060 312 illos,
1074 272 1128 315 qui
1143 272 1218 306 foris

477 326 560 360 sunt,
583 321 669 354 fonte
698 321 864 355 doctrinae
893 330 947 356 aut
967 324 1234 367 submergimus,‘

477 379 531 406 aut
558 385 755 417 purgamus,
788 375 819 408 in
844 376 934 409 nullo
966 377 1005 410 ab
1030 377 1108 417 iltis,
1139 390 1217 423 quas

477 426 613 470 Spiritus
634 427 739 460 Sancti
758 428 907 462 divinitas
920 430 951 462 in
965 430 1216 465 Chalcedoncnsi
1232 447 1234 458 ·

478 479 620 514 Concilio
634 481 779 524 protulit,
796 482 870 515 fidei
887 483 1005 526 regulis
1018 486 1213 526 recedentes,

478 533 562 567 inter
586 539 761 578 utrumque
791 536 915 570 hostem
943 539 1087 572 novellae
1112 538 1119 555 ¹
1146 550 1217 583 per-

477 586 572 620 fidiae
609 598 790 622 sermonem
832 596 978 624 nostrum
1016 603 1087 625 eum
1129 593 1215 625 oumi

477 641 600 674 cautela
623 641 776 675 libremus
795 642 816 678 ²¹:
837 654 901 677 non
924 644 999 685 iam,
1021 646 1106 689 quod
1121 646 1213 683 absit.

476 855 610 898 epistola
629 855 639 870 ³
659 857 846 892 universalis
870 866 997 893 sanctae
1027 860 1138 904 synodi
1168 871 1216 893 as-

475 919 570 942 sensu
596 910 723 943 firmata
748 917 832 945 tanta
865 913 990 946 divinae
1015 915 1215 948 auctoritatis

477 962 657 996 testimonia
683 965 866 999 noverimus
898 978 965 1000 esse
993 974 1154 1009 congesta,
1182 974 1215 1002 ut

474 1016 581 1049 nullus
605 1023 702 1061 queat
721 1018 855 1052 ulterius
880 1020 1027 1053 dubitare
1042 1048 1049 1061 ‚
1078 1021 1136 1054 nisi
1160 1022 1213 1065 qui

473 1069 663 1114 sibimetipsi
683 1082 830 1104 errorum
852 1074 998 1106 tenebras
1012 1073 1131 1107 inferre
1146 1086 1213 1108 ma·

474 1122 587 1163 luerit,
616 1128 646 1156 et
666 1125 831 1168 synodalia
859 1127 868 1142 ⁴
895 1132 993 1167 gesta,
1018 1127 1063 1159 rel
1097 1127 1214 1170 quibus

473 1175 614 1218 primum
641 1177 786 1210 delinitio
808 1179 882 1212 fidei
913 1180 1028 1221 legitur
1054 1191 1121 1214 esse
1151 1182 1214 1214 sor-

474 1234 569 1269 mata,
598 1230 644 1263 vel
670 1231 788 1273 quibus
808 1234 968 1275 praefatae
990 1233 1113 1267 litterae
1127 1235 1213 1278 Apo-

472 1282 604 1315 stolicae
643 1284 732 1317 Sedis
764 1285 859 1318 etiam
902 1292 973 1320 tuae
1006 1287 1214 1320 fraternitatis

472 1334 578 1368 studio
608 1336 756 1370 defensae
781 1344 864 1378 sunt,
886 1344 916 1372 et
936 1339 1073 1372 maxime
1086 1340 1124 1373 ad
1138 1340 1212 1384 piis-

472 1387 570 1421 simos
594 1389 759 1434 Principes
779 1391 876 1425 totius
899 1392 1031 1426 Concilii
1061 1394 1213 1428 allocutio

473 1447 518 1474 tot
541 1442 604 1476 sint
627 1445 889 1487 praecedentium
915 1446 1043 1479 Patrum
1068 1447 1212 1481 testimo-

472 1495 531 1528 niis
565 1496 734 1538 roborata,
765 1504 800 1531 ut
834 1499 931 1532 cuivis
960 1499 1211 1544 imprudentiae

470 1548 625 1592 pertinaci
647 1550 766 1591 animo,
794 1551 818 1583 si
846 1557 950 1585 tauron
975 1564 1038 1585 non
1058 1553 1119 1586 iatu
1139 1566 1210 1587 cum

471 1602 601 1636 diabolo
626 1614 685 1647 pro
706 1615 763 1637 sua
785 1604 947 1649 impietate
963 1607 1131 1640 daumatus
1151 1613 1208 1649 est,

470 1655 595 1689 valeant
615 1658 761 1690 suadere.

513 1709 585 1743 CAP.
610 1710 642 1743 V.
668 1711 757 1744 Unde
777 1712 838 1745 hoc
865 1723 994 1757 quoque
1022 1725 1080 1747 nos
1101 1721 1209 1748 contra

470 1763 576 1797 hostes
586 1764 746 1798 Ecclesiae
759 1766 928 1809 providere
942 1768 1137 1810 condignum
1151 1776 1207 1810 est,

468 1822 503 1849 ut
526 1817 570 1850 eis
594 1819 715 1851 nullam
745 1820 962 1854 calumniandi
992 1822 1206 1863 occasionem,

469 1871 556 1913 quod
581 1872 620 1905 ad
645 1883 703 1905 nos
734 1873 856 1914 attinet,
891 1875 1018 1917 penitus
1048 1875 1210 1920 relinqua-

469 1933 557 1964 mus,
593 1935 652 1959 nec
682 1937 824 1970 unquam
858 1933 972 1960 eontra
1003 1929 1227 1963 Nestorium&

468 1978 748 2023 autEutychianos
764 1986 904 2022 agentes,
923 1982 1013 2014 alteri
1039 1993 1151 2015 eorum
1165 1983 1209 2015 vi-

468 2031 603 2064 deamur
617 2038 704 2075 terga
713 2034 856 2071 vertisse,
867 2035 921 2067 sed
932 2041 1084 2079 utrosque
1094 2036 1206 2070 Christi

467 2084 574 2118 hostes
591 2096 693 2129 aequa
722 2087 813 2121 lance
837 2087 971 2121 vitemus
1002 2094 1099 2133 atque
1117 2090 1207 2123 dam-

465 2148 579 2171 nemus
603 2139 658 2180 ita,
687 2145 721 2173 ut
749 2151 822 2182 cos,
858 2142 983 2185 quoties
1007 2143 1206 2177 audientium

465 2192 663 2234 quantalibet
682 2194 785 2237 poscit
805 2194 937 2237 utilitas,
955 2207 1027 2229 cum
1048 2197 1206 2240 dogmati-

500 2300 509 2325 t
532 2309 543 2325 ι(
561 2299 617 2326 Vat.
636 2300 700 2328 379¹
716 2301 767 2327 hoc
781 2304 820 2329 est
835 2303 992 2329 novellae».
1007 2303 1125 2331 Cacciar.
1144 2313 1203 2341 pag.
1222 2304 1224 2323 θ

463 2342 524 2371 365.
544 2343 699 2379 Per-peram.

497 2391 514 2418 Ξ
533 2403 545 2417 «
561 2392 603 2419 Al.
621 2393 680 2420 cod.
699 2394 851 2422 liberemus
865 2407 890 2422 n.
908 2395 1038 2424 Ballerin.
1056 2397 1106 2425 eol.
1124 2397 1202 2426 1225.
1221 2411 1222 2414 ¹

463 2436 555 2472 Inepte
571 2437 679 2472 quidem
695 2438 728 2465 ad
744 2439 872 2467 orationis
887 2444 1051 2468 contextum.

497 2484 513 2512 3
533 2495 545 2510 «
562 2485 628 2512 Vau.
649 2486 716 2513 1340
730 2488 867 2522 epistolis.
886 2498 909 2516 ›.
926 2489 1043 2518 Cacciar.
1060 2490 1077 2518 l.
1095 2499 1118 2518 c.

497 2531 513 2557 ά
528 2531 588 2557 Vet.
606 2530 670 2558 edit.
687 2541 751 2559 cum
776 2534 929 2568 synodalia
943 2546 970 2562 υ.
994 2536 1124 2564 Ballerin.
1141 2536 1157 2564 l.
1176 2545 1198 2564 c.

462 2575 569 2602 Rectius
585 2579 612 2602 ut
627 2575 741 2603 videtur.
760 2586 786 2604 n.
804 2577 892 2606 tectio.

1008 170 1162 195 APPENDtx
1183 172 1325 197 BOLLARII
1345 173 1463 198 nomm

1232 525 1233 530 Ἰ
1251 486 1337 518 ficiat
1354 486 1374 525 ⁶,
1400 487 1461 519 iam
1483 492 1589 520 tamen
1603 488 1612 504 ⁷
1634 494 1665 521 et
1691 489 1909 532 experimenta
1934 491 1990 524 do-

1232 685 1233 691 *
1252 646 1375 678 uincula
1412 647 1568 680 mundum
1608 653 1636 680 te
1651 675 1658 687 ‚
1693 649 1869 682 secundum
1900 649 1990 683 Sedis
2005 663 2106 685 iudicium
2121 665 2204 694 quan-l

478 698 640 738 tamquam
663 695 702 727 de
727 695 833 729 dubiis
847 697 1072 742 disceptantes,
1090 700 1144 733 sed
1160 711 1216 732 au-
1232 696 1233 719 1

476 747 622 781 ctoritate
636 759 772 791 summa,
790 761 872 794 quae
885 752 967 785 bene
988 752 1213 794 definitasunt,
1232 750 1233 758 ¹

476 802 695 841 adstruentes3
715 814 787 836 cum
807 810 837 837 et
855 805 885 838 in
905 806 1106 849 Apostolieae
1127 807 1233 842 Sedist

1229 1298 1440 1331 personam,
1478 1289 1651 1333 quicquam
1682 1290 1857 1334 reprobum
1888 1291 1988 1326 videri

2196 135 2232 276 ;

2021 180 2075 208 An,
2092 180 2121 208 0.
2138 181 2189 210 453

1252 220 1312 253 bus
1319 230 1430 254 eorum
1440 221 1537 264 digno
1545 223 1994 269 anathematepromptissime

1252 278 1347 317 atque
1366 274 1605 308 evidentissime
1619 275 1792 317 feriamus;
1815 287 1867 319 ne,
1889 278 1915 311 si
1930 278 1993 312 hoc

1251 338 1268 359 a
1282 326 1374 359 nohis
1386 328 1395 342 ⁵
1409 333 1463 360 aut
1483 327 1649 362 obscurius
1675 329 1745 362 fieri
1765 330 1921 372 videatur,
1938 337 1992 365 aut

1253 381 1383 421 tardius,
1406 387 1538 424 putetur
1562 381 1708 415 invitum.
1735 382 1825 422 Quod
1846 385 1991 428 quamvis

1252 433 1455 475 prudentiam
1481 439 1567 467 tuam
1588 445 1638 468 res
1656 435 1724 479 ipsa
1741 436 1916 470 admonere
1926 437 1991 471 suf-

1251 545 1397 572 cuerunt.
1408 540 1469 574 Sed
1479 540 1668 575 benedictus
1676 542 1757 575 Deus
1766 548 1885 584 noster,
1899 543 1990 578 cuius

1251 592 1444 626 invincibilis
1481 594 1596 627 veritas
1630 595 1669 627 ab
1701 595 1789 628 omni
1820 596 1990 630 haereseos
2043 611 2232 633 'theodoretus

2005 642 2043 662 per
2063 637 2125 659 Sedis
2151 638 2188 664 Ap.
2228 648 2230 650 >

1251 699 1454 741 Apostolicae
1471 699 1627 734 iudicium
1639 701 1659 741 ⁸,
1677 702 1917 736 demonstrarit.
1935 702 1990 736 Cui
2005 689 2189 738 iiss²ti¹e³12¹iffls⁶.¹⁴'
2204 709 2206 714 “

1252 750 1380 793 dignam
1405 752 1561 786 retribues
1583 765 1642 797 pro
1662 759 1705 787 tot
1730 754 1894 788 laboribus
1916 766 1989 798 gra-

1252 804 1338 845 tiam,
1359 805 1383 838 si
1406 806 1499 838 talem
1523 812 1562 846 te,
1587 808 1713 850 qualem
1728 808 1936 851 probavimus
1953 820 1990 842 ac

1250 859 1437 901 probamus,
1458 871 1516 903 pro
1539 860 1727 894 universalis
1747 862 1907 896 Ecclesiae
1933 863 1989 897 de-

1249 913 1391 946 fensione
1411 915 1595 948 servaveris.
1619 915 1697 948 Nam
1712 916 1799 959 quod
1818 916 1901 950 Deus
1921 927 1990 951 om-

1248 966 1336 998 nium
1359 967 1632 1001 calumniosorum
1652 969 1792 1002 fallacias
1804 970 1907 1011 solvit,
1922 981 1989 1006 ma-

1249 1019 1364 1052 ximam
1380 1021 1553 1054 beatissimi
1567 1022 1651 1055 Petri
1666 1033 1777 1055 curam
1794 1034 1853 1067 pro
1867 1025 1989 1060 cunctis

1247 1074 1339 1107 nobis
1351 1075 1572 1117 agnoscimus3
1596 1076 1649 1120 qui
1667 1081 1838 1121 postquam
1848 1089 1924 1111 suae
1935 1078 1989 1113 Se-

1248 1127 1296 1160 dis
1321 1127 1476 1162 iudicium
1502 1129 1534 1162 in
1560 1129 1636 1162 fidei
1664 1130 1851 1164 definitione
1877 1131 1988 1166 firma-

1248 1180 1301 1221 vit,
1324 1192 1384 1214 nec
1409 1182 1493 1215 eirca
1519 1183 1709 1226 cuiusquam
1740 1189 1879 1217 vestrum
1894 1212 1902 1226 ‚
1933 1186 1988 1230 qui

1247 1233 1414 1267 nobiscum
1435 1246 1495 1279 pro
1516 1236 1672 1270 catholica
1692 1235 1755 1270 fide
1782 1237 1952 1272 laborastis
1963 1238 1988 1281 ⁹,

2029 982 2052 1005 B.
2066 983 2125 1013 Petri
2139 988 2190 1014 erga

2003 1011 2189 1058 tttttctfttfitfflffl
2210 1023 2211 1029 ’

1247 1341 1408 1384 permisit:
1433 1342 1508 1386 quia
1529 1353 1587 1376 nec
1607 1348 1745 1387 poterat,
1772 1344 1891 1388 Spiritu
1911 1344 1989 1379 San-

1247 1400 1296 1427 cto
1322 1394 1504 1437 iudicante,
1534 1396 1703 1440 quisquam
1728 1408 1765 1430 ex
1792 1397 1838 1431 eis
1861 1408 1926 1431 non
1944 1397 1989 1431 vi-

1247 1453 1316 1480 ctor
1341 1448 1426 1481 exire
1445 1447 1476 1490 ¹⁰,
1500 1460 1639 1493 quorum
1667 1449 1730 1483 iam
1756 1450 1875 1484 vicerat
1893 1450 1984 1485 fides.

1290 1501 1364 1535 (law.
1380 1503 1424 1535 Vl.
1443 1502 1532 1541 Quod
1547 1508 1701 1546 superest,
1718 1503 1936 1545 exhortamur,
1950 1510 1986 1538 ut

1247 1555 1322 1598 quia
1348 1556 1412 1588 illic
1443 1557 1615 1589 nonnullas
1646 1557 1834 1601 Eutychiani
1858 1568 1895 1591 ac
1925 1558 1985 1593 Ne-

1246 1608 1378 1641 stoi-iani
1403 1609 1522 1642 erroris
1546 1609 1698 1653 reliquias
1717 1610 1926 1653 eognovimus
1938 1623 1987 1646 re-

1248 1661 1420 1702 mansisse,
1457 1673 1542 1696 nunc
1567 1663 1662 1696 etiam
1689 1664 1763 1697 Sedi
1783 1665 1986 1709 Apostolicae

1246 1715 1435 1748 collabores.
1460 1716 1599 1749 Victoria
1617 1717 1716 1758 enim,
1733 1728 1829 1761 quam
1843 1718 1986 1753 Christus

1244 1768 1398 1802 Dominus
1427 1775 1536 1803 noster
1555 1781 1630 1804 suae
1655 1771 1785 1805 donavit.
1812 1771 1983 1813 Ecclesiae,

1245 1822 1398 1864 quamdiu
1421 1822 1452 1856 in
1472 1823 1534 1856 hoc
1554 1824 1676 1857 mundo
1704 1835 1882 1867 versamur,
1912 1824 1987 1859 licet

1244 1876 1395 1909 fiduciam
1423 1877 1577 1910 maiorem
1600 1877 1729 1917 tribuat,
1746 1888 1810 1911 non
1825 1883 1932 1912 tamen
1953 1878 1984 1912 in

1244 1934 1346 1961 totum
1358 1929 1608 1963 sollicitudinem
1625 1930 1770 1973 perimit,
1793 1941 1852 1964 nec
1863 1936 1899 1964 ut
1910 1931 1984 1965 dor—

1244 1982 1380 2016 miamus
1398 1984 1515 2016 donata
1536 1990 1592 2025 est,
1616 1985 1671 2017 sed
1697 1990 1732 2017 ut
1755 1984 1882 2018 suavius
1894 1984 1984 2018 labo-

1243 2046 1360 2069 remus.
1386 2036 1474 2070 Unde
1495 2038 1527 2069 in
1548 2037 1609 2070 hoc
1622 2048 1751 2081 quoque
1766 2043 1837 2071 tuae
1851 2038 1983 2081 vigilan-

1243 2089 1303 2122 tiae
1323 2090 1539 2124 sollicitudine
1554 2091 1701 2125 volumus
1712 2091 1866 2133 adiuvari,
1884 2097 1982 2126 uttua
1996 2098 2182 2149 taffissmffitgoAhog-

1242 2142 1397 2176 relatione
1419 2150 1578 2186 currente,
1595 2145 1673 2189 quid
1687 2145 1772 2190 apud
1786 2145 1855 2179 illas
1876 2145 1982 2189 regio-
1996 2152 2022 2183 3¹0
2045 2142 2120 2180 siriae
2134 2141 2180 2175 'fido'
2198 2178 2199 2182 ,

1242 2207 1297 2230 nes
1323 2197 1469 2231 doctrina
1489 2198 1649 2232 dominica
1670 2198 1828 2243 proficiat,
1851 2199 1982 2244 Aposto-
1996 2181 2093 2201 mma

2025 1513 2069 1535 Leo
2087 1514 2186 1536 Theodo-

1999 1542 2067 1561 retum
2076 1541 2097 1562 in
2109 1541 2186 1562 haere-

2000 1572 2044 1588 sum
2051 1567 2151 1595 reliquia·
2157 1568 2188 1590 iu·
2199 1573 2203 1575 “

2000 1593 2078 1620 cendit,

1275 2304 1291 2332 5
1307 2305 1422 2332 Caeciar.
1445 2305 1462 2332 l.
1480 2314 1502 2333 c.
1520 2315 1580 2334 cum
1605 2307 1662 2334 Vat.
1679 2306 1739 2334 cod.
1756 2309 1808 2336 αιιι
1821 2315 1840 2334 α
1854 2306 1945 2334 nobis.

1239 2345 1326 2373 Minus
1341 2351 1411 2382 apte,
1424 2351 1452 2374 ut
1468 2347 1581 2375 videtur.

1274 2387 1290 2411 6
1305 2387 1362 2414 «Αἰ.
1373 2396 1417 2415 res
1428 2388 1726 2424 ipsae...sufficiant».
1735 2387 1978 2416 Baiter.col.1226.

1275 2428 1288 2454 7
1307 2437 1318 2453 «
1336 2428 1394 2455 Vat.
1411 2427 1459 2454 5tt
1477 2437 1556 2455 nunc
1571 2432 1667 2456 tamen
1685 2438 1708 2455 ».
1726 2428 1845 2456 Caeciar.
1862 2427 1880 2454 l.
1896 2436 1919 2455 c.

1271 2467 1289 2493 8
1308 2478 1319 2492 «
1337 2466 1391 2494 1)υο
1407 2467 1477 2495 Vatt.
1494 2468 1605 2496 iudicia
1618 2478 1641 2495 n.
1657 2468 1774 2496 Cacciar.
1792 2467 1809 2495 l.
1826 2476 1848 2495 c.

1272 2508 1287 2534 9
1307 2519 1319 2532 «
1334 2507 1372 2535 ΑΙ,
1392 2508 1526 2537 laboratis
1541 2519 1567 2535 ».
1582 2508 1711 2536 Ballerin.
1727 2509 1745 2536 l.
1763 2517 1787 2536 c.

1274 2548 1305 2575 ¹0
1321 2558 1331 2572 ε
1350 2547 1405 2576 Duo
1431 2547 1487 2575 Vat.
1514 2550 1637 2577 existere
1653 2558 1676 2576 n.
1693 2548 1811 2576 eaceiar.
1828 2548 1846 2575 l.
1863 2557 1887 2576 c.
1907 2547 1975 2575 Sane

1235 2590 1388 2617 perperam.
