2244 3183
265 222 315 249 An.
329 221 359 249 C.
379 223 429 250 517

317 390 449 411 Pus-sessoris

264 417 321 437 tuith.
343 417 448 437 consessio

263 444 303 463 sihi
311 444 448 468 alegaiistrrt-

265 470 315 490 dita.

292 1343 399 1364 Pontiticis
410 1347 448 1368 pro

263 1371 304 1391 tide
319 1369 449 1391 sollicitudo.

495 212 559 246 402

465 282 546 314 quos
562 281 637 304 suos
658 271 753 313 elegit
770 280 850 309 esse,
883 276 913 303 ct
943 271 981 303 de
1000 270 1124 314 laqueis
1149 271 1206 303 ad—

464 325 695 361 versariorum,
723 324 803 357 sicut
825 334 964 368 semper,
1000 324 1124 368 eripiet.
1150 324 1203 357 Li·-

463 378 584 411 bellum
622 377 803 410 dilectionis
835 384 909 411 tuae
941 378 979 411 de
1005 377 1206 411 consessione

464 438 569 464 rectae
592 431 665 463 fidei
686 442 744 475 per
765 432 888 473 legatos
908 437 1036 464 nostros
1058 441 1206 464 remean-

465 491 510 517 tes
524 485 720 527 accepimus,
741 485 816 518 etin
835 494 872 518 eo
893 484 1109 518 sinceritatem
1133 491 1205 517 tuae

464 538 672 570 fraternitatis
691 537 890 580 agnovimus:
916 538 991 581 quia
1009 537 1096 580 quod
1118 542 1205 570 recte

463 591 575 631 credit,
601 591 661 624 sub
687 590 888 624 attestatione
914 590 1041 634 publica
1070 590 1202 634 praedi-

463 654 537 676 care
558 654 622 677 non
644 644 777 677 distulit.

506 697 586 730 Data
615 707 650 730 111
679 698 785 730 Nonas
808 697 947 741 Aprilis,
972 697 1109 741 Agapito
1136 698 1203 730 viro

463 751 645 784 clarissimo
666 751 809 784 consule.

500 804 557 830 liat.
574 804 616 831 [lie
631 804 647 831 3
661 805 750 840 april„
767 813 830 832 aun.
847 805 907 832 517.

689 957 872 990 EPISTOLA
900 957 951 989 XX
967 957 985 989 ⁵.

462 1047 528 1080 Pru
551 1047 614 1090 fide
637 1047 798 1080 sollicitus
818 1047 858 1079 ab
873 1047 1013 1080 haeresis
1037 1048 1202 1089 finitorum

511 1101 669 1133 consortio
691 1100 803 1133 sedulo
827 1100 999 1133 cavemlmn
1022 1099 1151 1132 mittit-it.

524 1181 682 1208 Hormisda
705 1181 794 1213 clero,
819 1181 929 1214 populo
946 1183 976 1207 et
990 1181 1145 1207 monachis

481 1225 651 1253 orthodoxis
665 1226 922 1259 constantinopoli
938 1225 1186 1253 consistentibus.

507 1287 538 1320 Si
553 1287 578 1320 is
599 1288 654 1331 qui
675 1287 807 1320 calicem
829 1297 931 1331 aquae
954 1287 1088 1329 frigidae
1117 1297 1207 1319 inan-

464 1341 537 1373 data
560 1340 743 1382 evangelica
770 1346 897 1373 secutus
922 1340 1092 1380 obtulerit,
1123 1350 1207 1373 mer-

464 1394 577 1426 cedem
598 1393 676 1426 boni
696 1393 865 1437 propositi,
892 1394 961 1437 ipso
981 1393 1129 1433 Domino,
1151 1393 1206 1436 qui

464 1446 550 1479 Ιιοο2
574 1446 697 1485 docuit,
720 1447 921 1487 restituente,
952 1446 1160 1489 consequitur
1179 1445 1203 1485 ³3

463 1510 572 1533 nonne
597 1500 651 1543 qui
672 1505 760 1532 tanto
780 1500 902 1543 populo
923 1499 1067 1532 fidelium
1093 1500 1206 1532 verita-

464 1560 528 1586 tem
558 1553 756 1587 annunciare
785 1553 962 1593 distulerit,
996 1553 1077 1586 iuste
1094 1554 1102 1569 ”·
1130 1563 1206 1597 poe-

463 1617 537 1639 nam
550 1606 766 1640 damnationis
784 1606 939 1640 incurrit‘?
952 1607 1032 1640 Hinc
1047 1613 1103 1648 est,
1119 1608 1205 1651 quod

463 1661 495 1692 in
517 1660 780 1693 terminationem
802 1660 944 1693 mandati
965 1660 1111 1693 coelestis
1125 1660 1204 1694 effu-

464 1713 553 1753 giens
573 1713 672 1757 (quod
686 1713 787 1754 decet,
809 1713 1006 1756 loquendum
1028 1719 1075 1746 est
1096 1713 1127 1746 in
1141 1714 1201 1755 his,

464 1776 546 1809 quae
567 1767 606 1799 ad
626 1767 726 1799 Deum
743 1766 917 1810 pertinent,
941 1776 999 1799 nec
1020 1767 1204 1809 tacendum)

464 1820 587 1853 liabens
614 1831 744 1864 quoque
766 1825 888 1854 vestrae
909 1820 1019 1854 salutis
1040 1821 1201 1862 affectum,

463 1873 721 1907 admonitionem
736 1884 862 1914 eorum,
878 1884 961 1917 quae
978 1884 1129 1917 praesens
1146 1884 1203 1908 ne-

464 1927 593 1961 cessitas
613 1927 726 1971 poscit‚
747 1927 922 1971 assumpsi;
943 1938 1065 1969 omnes,
1086 1929 1203 1972 quihus

501 2090 511 2116 t
536 2089 572 2116 Ex
592 2088 677 2116 Labl).
696 2088 804 2116 Concil.
823 2088 935 2117 Coltect.
952 2092 1016 2117 tom.
1033 2096 1058 2124 r,
1076 2090 1127 2117 col.
1140 2090 1201 2118 59⁹2.

499 2139 516 2164 2
531 2138 619 2165 Caras.
641 2145 702 2164 cum
718 2146 744 2164 n.
763 2138 813 2165 cod
833 2138 898 2165 4961
916 2139 994 2166 haec.

498 2188 514 2213 3
530 2186 625 2214 Matth.
642 2194 669 2219 x,
686 2187 728 2219 42,
741 2187 786 2213 uhi
805 2188 896 2214 hahet:
918 2188 957 2215 Et
973 2189 1141 2224 quicumque
1153 2198 1202 2224 po-

463 2240 524 2263 ωιτη
532 2237 642 2264 dederit
658 2237 755 2264 unieae
769 2237 903 2264 minimis
915 2237 975 2265 istis
986 2239 1100 2266 calicem
1108 2248 1201 2274 aquae

461 2281 588 2314 srt'yidae
617 2284 733 2308 tautum
758 2282 790 2308 ‘tn
814 2282 930 2309 nomme
946 2282 1101 2317 discipuli,
1119 2291 1199 2310 amen

462 2329 526 2356 dico
541 2329 627 2361 vobis,
644 2337 697 2356 non
718 2330 817 2364 perdet
832 2329 987 2357 mercedem
1000 2337 1094 2357 suam.

498 2379 513 2404 li
528 2377 570 2404 Sic
590 2382 616 2404 et
632 2378 677 2404 cit.
704 2378 764 2405 cod.
781 2378 868 2405 Caras.
886 2379 978 2406 iustae
1002 2387 1129 2413 poenam
1147 2381 1199 2407 tta-

462 2428 627 2455 mnatiom's.
645 2426 741 2454 Baron.
761 2428 831 2454 iuste
849 2428 1075 2456 damnationem.

497 2478 513 2504 5
529 2476 566 2503 ld.
589 2476 649 2503 cod.
666 2484 746 2503 citra.
764 2477 831 2511 Apte
847 2477 955 2511 quidem
972 2477 1003 2504 ad
1020 2478 1099 2505 locut-

498 2528 514 2552 ti
531 2535 543 2551 «
566 2527 745 2553 Avertantur
765 2537 789 2552 u.
812 2525 849 2552 lta
869 2526 958 2554 Caras.
980 2527 1043 2554 mal.
1061 2527 1118 2554 vat.
1140 2529 1197 2555 cod.

464 2574 668 2610 interpretatus,
681 2574 726 2601 ubi
739 2582 790 2601 non
803 2578 891 2609 potest
909 2574 1021 2610 ambigi,
1035 2575 1163 2611 corrigen
1173 2591 1184 2596 -

464 2624 525 2650 ‹lum
546 2632 605 2651 esse
622 2627 760 2652 avertant.

992 222 1153 247 API‘ENDIX
1174 222 1325 248 BULLARH
1346 223 1466 248 ROMANI

1241 281 1337 304 curae
1350 272 1360 287 ⁵*
1380 277 1426 305 est
1445 272 1509 306 fide
1534 273 1657 315 integra
1678 273 1884 307 christianam
1905 275 1981 308 reli-

1241 323 1368 364 gionem
1391 335 1530 365 servare,
1552 331 1736 359 contestans
1750 353 1757 367 ‚
1781 333 1815 360 ut
1835 338 1900 368 eos,
1925 328 1981 371 qui

1241 383 1382 410 sanctam
1415 378 1707 413 Chalcedonensem
1739 382 1919 424 synodum,
1951 389 1978 415 et

1241 432 1324 464 beati
1347 432 1461 465 Leonis
1474 433 1513 465 de
1531 433 1594 466 side
1608 433 1765 467 catholica
1783 435 1982 478 conscriptas

1241 485 1393 527 epistolas
1414 486 1586 525 declinant,
1612 487 1729 531 quihus
1749 494 1881 530 possunt
1904 489 1981 521 viri-

1241 537 1300 570 bus
1322 544 1509 572 aversentur
1527 539 1537 554 ‘²
1558 545 1584 572 et
1608 539 1746 581 fugiant:
1774 541 1905 584 quando
1923 541 1982 584 ipsi

1240 597 1325 631 sunt,
1349 592 1403 634 qui
1428 592 1610 635 Eutychetis
1634 598 1665 625 et
1680 593 1823 626 Dioscori
1850 594 1984 627 Alexan-

1241 643 1337 684 drini,
1362 645 1408 678 rel
1437 645 1544 688 potius
1564 645 1704 678 nefanda
1723 646 1983 680 Manichaeorum

1240 697 1432 739 contagione
1446 698 1574 742 polluti,
1599 699 1695 731 verbo
1714 699 1846 742 quidem
1873 700 1984 734 adver-

1239 760 1292 783 sus
1323 751 1497 784 constituta
1526 752 1653 785 Patrum
1686 752 1835 791 videntur
1864 753 1983 786 habere
2016 769 2183 794 Etenimreipsa

1240 809 1403 837 certamen
1419 832 1426 845 ,
1449 805 1546 838 relius
1567 811 1676 838 autem
1696 811 1808 839 contra
1828 806 1980 840 incarna-
1997 795 2182 848 fflffissssm'ffissssl

1241 858 1361 891 tionem
1392 859 1521 892 Domini
1548 859 1648 893 nostri
1678 860 1747 892 lesu
1778 859 1892 893 Christi
1913 860 1980 893 evi·
1998 851 2019 869 ¹¹¹

1240 911 1355 945 denter
1383 912 1565 955 insurgunt.
1597 913 1846 954 Recordamini,
1878 914 1980 947 caris-

1239 964 1324 1005 simi,
1359 976 1442 1009 quae
1474 967 1613 1005 suerunt,
1648 966 1800 1000 Basilisco
1821 967 1983 1010 palatinae

1239 1018 1353 1051 aulae⁷
1374 1019 1557 1059 incubante,
1584 1025 1721 1059 tentata3
1745 1025 1776 1053 et
1796 1026 1980 1064 temporum

1240 1071 1370 1104 illorum
1385 1079 1466 1112 acta,
1482 1074 1529 1106 vel
1544 1073 1621 1112 visa,
1639 1073 1685 1105 vel
1705 1073 1813 1106 audita
1833 1073 1978 1106 recolite.

1239 1124 1339 1162 Quam
1361 1126 1494 1158 scelesta
1520 1132 1594 1159 tunc
1621 1125 1716 1159 tuerit.
1741 1125 1901 1159 Timothei
1922 1136 1978 1159 co-

1240 1185 1415 1219 gnomento
1437 1179 1564 1219 Aeluri,
1588 1189 1684 1222 quam
1707 1179 1896 1223 imprudens
1908 1180 1929 1220 ⁸,
1952 1186 1983 1212 et

1241 1237 1446 1265 monstruosa
1456 1232 1679 1275 praesumptio
1688 1232 1713 1269 ⁹3
1734 1237 1871 1275 quantas
1884 1233 1980 1265 etiam

1241 1295 1298 1327 per
1317 1285 1502 1318 universum
1524 1286 1635 1319 orbem
1654 1285 1728 1318 fidei
1741 1296 1774 1318 se
1789 1291 1909 1319 vestrae
1918 1286 1983 1319 ser-

1241 1348 1297 1371 vor
1314 1339 1502 1372 ostenderit.
1535 1338 1684 1372 Probavit
1710 1345 1784 1372 tunc
1803 1338 1982 1373 Constanti-

1241 1392 1449 1435 nopolitanus
1474 1393 1629 1435 populus,
1654 1402 1750 1435 quam
1772 1402 1851 1435 pure
1869 1393 1982 1426 deceat
2013 1430 2015 1432 ,

1241 1445 1409 1477 credentes
1447 1445 1619 1478 christiana
1657 1456 1784 1478 servare
1816 1446 1977 1489 mysteria.

1240 1497 1301 1531 Sed
1329 1504 1487 1532 transacta
1513 1499 1634 1531 utinam
1661 1499 1766 1532 studia
1784 1499 1928 1539 fuissent,
1947 1502 1981 1532 'et

1239 1562 1305 1585 non
1323 1562 1409 1585 nunc
1430 1552 1546 1585 similia
1568 1558 1694 1596 tempus
1712 1553 1887 1596 expeteret!
1901 1553 1981 1586 Rur-

1239 1616 1310 1638 sum
1333 1606 1417 1639 enim
1439 1605 1537 1638 iidem
1563 1605 1715 1638 haeretici
1737 1611 1833 1649 caput
1852 1606 1977 1650 impro-

1240 1660 1316 1692 lium
1335 1660 1374 1693 de
1391 1660 1562 1703 profundo,
1579 1669 1643 1703 quo
1657 1659 1801 1693 immersi
1820 1660 1977 1693 teneban-

1241 1719 1301 1753 tur,
1325 1714 1486 1746 attollunt.
1521 1714 1623 1756 Atque
1645 1713 1716 1746 ideo
1736 1723 1827 1755 rogo,
1851 1713 1977 1754 hortor,

1239 1766 1400 1799 admoneo
1421 1766 1627 1799 dilectionem
1647 1771 1797 1806 vestram,
1814 1767 1853 1798 ab
1868 1776 1979 1799 eorum

1238 1829 1293 1852 vos
1320 1819 1464 1853 conciliis
1489 1825 1515 1852 et
1550 1820 1778 1853 communione
1809 1820 1976 1853 secernite.

1239 1872 1465 1906 Recordamini
1486 1873 1543 1907 zeli
1561 1872 1689 1916 prioris,
1713 1878 1743 1906 et
1763 1873 1867 1906 vivere
1880 1873 1912 1906 in
1926 1883 1979 1907 vo-

1238 1925 1286 1958 bis
1319 1926 1423 1959 lucem
1439 1953 1446 1966 ,
1481 1926 1653 1959 scintillam
1690 1925 1772 1967 ignis
1802 1926 1978 1970 spiritualis

1273 2087 1287 2114 7
1303 2086 1389 2114 Caras.
1407 2088 1478 2115 arci.
1501 2086 1566 2114 Cod.
1583 2095 1609 2114 n.
1624 2086 1789 2123 palatinam
1806 2096 1913 2124 arcem,
1935 2087 1978 2116 cui

1237 2133 1331 2159 Const.
1348 2131 1442 2159 libent.
1463 2131 1604 2159 adhaeret.

1272 2176 1288 2202 8
1304 2186 1315 2201 (t
1330 2176 1485 2211 [mpudens
1497 2186 1520 2202 ›1-
1532 2176 1618 2203 Carnf.
1636 2181 1662 2204 et
1674 2177 1772 2204 Baron.
1787 2178 1975 2206 certemelius.

1271 2221 1287 2247 9
1306 2221 1397 2247 Innuit.
1415 2229 1501 2256 quae,
1528 2220 1653 2248 Basilisco
1680 2225 1803 2257 tyranno,
1833 2223 1978 2258 contigisse

1237 2269 1328 2292 narrat
1343 2265 1482 2300 Evagrius,
1499 2264 1546 2292 lib.
1562 2272 1603 2297 111,
1617 2274 1640 2292 c.
1656 2267 1679 2292 t.
1697 2265 1770 2294 hisce
1784 2267 1885 2294 verbis:
1904 2277 1915 2292 «
1932 2268 1978 2294 Ti-

1236 2305 1323 2333 motlt.
1334 2306 1460 2332 Aelurus
1469 2313 1559 2340 quum
1575 2306 1602 2331 in
1619 2305 1711 2333 arbem
1725 2306 1835 2340 remam
1846 2307 1976 2340 venisset,

1232 2347 1375 2380 persuasit
1399 2345 1555 2376 Basz'tisco‚
1585 2349 1615 2372 ut
1643 2346 1793 2372 encicticas
1813 2346 1925 2373 litteras
1940 2348 1978 2374 ad

1235 2393 1332 2412 omnes
1358 2385 1460 2420 ubique
1487 2385 1629 2420 episcopos
1649 2385 1784 2416 mitteret.
1800 2389 1824 2413 et
1843 2394 1886 2419 eu,
1903 2395 1978 2421 quae

1237 2425 1411 2452 Chalcedone
1439 2428 1518 2460 qesta
1545 2425 1677 2459 fuerant,
1698 2427 1724 2452 et
1745 2425 1846 2452 Leonis
1870 2427 1975 2452 tomum

1235 2464 1419 2492 anathemati
1438 2464 1589 2492 subticet-et
1605 2476 1630 2491 ».
1650 2465 1749 2491 Verum
1775 2467 1802 2491 nt
1825 2464 1861 2491 id.
1884 2468 1978 2492 auctor

1235 2504 1301 2531 ibid.
1319 2512 1341 2531 c.
1360 2505 1373 2530 7
1392 2504 1472 2532 docet
1488 2513 1500 2530 (ι
1517 2512 1586 2531 mom
1602 2505 1642 2531 id.
1667 2507 1808 2539 tyrannus
1827 2506 1975 2539 apopulo,

1238 2543 1440 2579 monachisque
1462 2545 1557 2578 reyiae
1578 2545 1658 2571 urbis
1673 2547 1785 2572 coaetus
1799 2547 1848 2578 est,
1866 2545 1977 2573 litteras

1233 2584 1384 2618 prioribus
1407 2585 1581 2619 contrarias,
1599 2584 1702 2619 quibus
1720 2584 1852 2611 Chalced.
1873 2585 1973 2620 synod.

1236 2625 1470 2659 mmsirniabatm,
1492 2625 1605 2653 mittere
1623 2636 1645 2651 ›x.
1663 2624 1682 2650 E
1699 2624 1774 2651 ttoni.
1793 2624 1884 2652 Consi.

2013 227 2064 255 An.
2081 227 2108 254 c.
2129 228 2179 255 517
2218 223 2221 230 '

2023 344 2093 365 Chalc.
2105 345 2178 371 synod.

1997 374 2014 392 ct
2023 372 2044 392 S.
2053 372 2181 398 Leonisepi-
2202 383 2204 385 -

1995 399 2060 418 stolas
2075 398 2181 419 declinan-

1997 427 2028 445 tes
2038 424 2161 449 ettugienui.

2034 1773 2064 1794 Ad
2080 1774 2121 1794 hoe
2135 1773 2180 1794 aui-

1995 1806 2039 1821 nius
2068 1800 2196 1821 relietum--

1995 1828 2036 1848 tius
2046 1826 2146 1848 incendit.
