2244 3183
259 194 310 220 An.
328 195 356 222 C.
374 194 426 222 454

290 523 371 547 Quanta
387 523 447 543 tinius

264 551 284 571 in
304 550 325 579 S
342 550 364 570 A.
380 549 447 575 perii-

263 582 330 597 caria,

301 1161 352 1182 Ideo
368 1161 389 1182 S.
406 1161 448 1182 Leo

264 1189 381 1208 litterarum
408 1189 448 1208 col-

263 1215 336 1240 loquia
352 1220 398 1234 cum
415 1215 448 1235 illo

264 1242 379 1267 suspendit.

271 1481 390 1502 Anatolium
398 1487 448 1508 quo-

263 1508 351 1528 modoin
360 1509 448 1533 gratiam

263 1537 288 1555 sit
300 1537 431 1560 recepturus.

302 1907 324 1927 ln
338 1907 446 1928 Niraenae

262 1934 334 1958 synodi
350 1934 446 1955 custodia

262 1965 302 1985 pax
314 1966 363 1981 vcra
379 1963 399 1981 et
414 1961 447 1981 tir-

262 1992 296 2007 iua
311 1987 412 2008 charitas

494 187 554 222 130

462 245 543 284 liter,
558 251 591 278 ut
605 246 807 287 meministis,
829 247 984 291 impendi,
997 253 1027 281 et
1046 248 1201 292 praebere

464 307 592 341 semper
613 305 704 342 opto;
729 299 753 332 si
777 305 895 341 tamen,
916 306 951 334 ut
969 300 1115 334 hortatus
1128 308 1200 335 ante
1237 302 1289 336 (lio
1307 303 1381 336 viris
1398 302 1582 336 clarissimis
1603 302 1798 337 consulibus

461 362 543 392 sum,
568 352 607 385 ab
628 363 674 392 ea,
696 364 779 396 quae
799 354 888 387 illum
903 354 1073 397 gravavss',
1097 355 1200 388 ambi-

462 405 548 438 tione
569 406 770 447 descisceret,
794 412 824 440 et
841 417 906 449 eos,
930 408 985 452 qui
1005 408 1108 452 ipsum
1120 409 1200 442 offu-

463 458 603 498 scabant,
632 459 663 491 in
695 469 753 492 suo
789 461 950 494 consortio
970 472 1035 494 non
1055 462 1197 495 haberet.

463 512 522 545 Sed
537 512 576 545 ad
590 513 739 556 epistolas
751 524 837 547 meas
850 514 902 558 pia
917 515 1084 549 affectione
1102 522 1203 548 trans—

464 565 574 598 missas
605 566 758 599 hactenus
778 568 973 612 respondere
992 569 1071 601 nihil
1091 569 1199 605 voluit:

463 624 493 652 et
517 630 590 652 cum
622 620 661 653 de
692 631 828 664 persona
853 622 933 655 Aelii
961 628 992 655 et
1008 622 1018 639 ²
1035 623 1199 662 Andreae,

463 672 516 715 qui
536 672 581 705 illi
603 674 708 707 suerat
728 674 928 715 substitutus,
957 686 992 708 ea
1013 681 1121 708 secuta
1142 676 1205 708 sint

464 738 545 770 quae
572 727 710 761 debeant
735 728 923 772 improbari,
961 739 1024 761 non
1064 729 1201 762 otiosum

463 787 519 820 cst,
545 782 632 825 quod
653 782 691 814 (le
712 782 771 818 his,
795 793 877 825 quac
910 782 1047 814 maxime
1079 783 1204 815 fuerant

462 835 615 874 curanda,
654 835 815 869 reticetur.
855 835 1076 880 praeceptioni
1098 836 1203 879 itaque

462 888 589 932 pietatis
615 895 736 922 vestrae
762 900 876 933 parere
897 891 1074 929 volueram,
1099 896 1127 923 et
1153 890 1204 923 lit-

465 949 546 976 teras
564 943 639 976 dare
653 943 693 975 ad
715 943 901 987 episcopum
922 944 1154 988 supradictum,
1177 944 1201 977 si

463 997 598 1041 priores,
622 1007 701 1041 quas
722 998 761 1030 ad
782 997 871 1030 illum
894 997 1005 1038 direxi,
1020 999 1068 1030 vel
1089 998 1202 1030 effectu

465 1062 584 1091 rerum,
608 1051 655 1084 vel
682 1051 808 1095 scriptis
828 1051 927 1094 ipsius
958 1050 1115 1094 proficere
1147 1051 1203 1083 ali-

464 1104 542 1148 quid
567 1105 798 1148 probavissem.
823 1106 861 1137 At
885 1116 957 1138 cum
978 1104 1056 1137 nihil
1078 1105 1116 1137 (lo
1137 1116 1204 1136 am-

465 1158 594 1191 bitionis
632 1159 842 1201 poenitudine
871 1158 1007 1191 voluerit
1044 1157 1200 1201 protitcri,

464 1212 609 1255 nihilque
634 1213 673 1245 ad
695 1213 773 1245 haec
786 1212 994 1255 respondere,
1016 1222 1096 1254 quae
1115 1222 1132 1243 a
1154 1221 1204 1243 me

462 1271 535 1298 sunt
555 1266 682 1309 scripta,
697 1265 853 1299 curaverit
868 1276 874 1305 ;
892 1265 1053 1308 colloquia
1073 1264 1202 1307 quidem

463 1329 533 1351 mea
558 1319 597 1351 ah
618 1319 673 1351 illo
693 1318 857 1362 suspendi,
880 1319 935 1351 sed
961 1318 1115 1357 animum,
1141 1327 1204 1360 quo

463 1372 553 1404 illum
576 1371 587 1387 ³
612 1371 732 1414 corrigi
761 1378 788 1404 et
820 1371 985 1404 meliorem
1018 1382 1085 1404 esse
1115 1370 1198 1403 desi-

464 1427 552 1463 dero,
576 1436 640 1458 non
662 1425 791 1458 mutavi.
819 1425 969 1466 Proinde,
993 1425 1017 1457 si
1034 1425 1139 1468 placet
1152 1435 1203 1457 ve-

464 1485 548 1512 strae
574 1479 776 1519 clementiae,
810 1479 922 1517 immo,
951 1478 1027 1522 quia
1061 1478 1092 1511 id
1115 1478 1203 1511 robis

463 1533 591 1576 placere
613 1543 783 1575 cognosco,
812 1532 983 1565 satisfaciat
1012 1531 1199 1572 canonibus,

463 1591 494 1618 ct
514 1586 658 1619 omnium
685 1586 819 1628 gratiam
841 1586 1043 1618 sacerdotum
1070 1585 1202 1628 pacifica

464 1639 642 1672 humilitate
667 1645 867 1672 servaturum
889 1650 921 1672 sc
942 1650 1010 1672 csse
1034 1638 1199 1677 rescribat,

465 1693 689 1736 ambitumque
715 1693 910 1736 culpabilem
931 1703 964 1725 se
990 1692 1143 1725 abiecisse
1163 1692 1203 1724 si-

462 1745 610 1788 gnificet3
634 1756 694 1787 ego
724 1756 775 1778 me
796 1745 884 1777 illum
922 1746 952 1778 in
974 1756 1042 1778 eam
1066 1745 1200 1788 gratiam

460 1799 603 1842 spondeo
616 1804 833 1843 recepturum,
850 1799 928 1832 utin
943 1798 1104 1838 omnihus,
1120 1809 1202 1842 quae

461 1858 534 1886 sunt
557 1853 693 1886 Domino
718 1853 886 1896 placitura,
915 1853 1114 1886 consortium
1136 1852 1203 1885 eius

462 1907 655 1950 amplectar:
692 1906 844 1950 quoniam
876 1907 1007 1950 illapax
1029 1917 1113 1948 vera,
1150 1906 1202 1939 illa

462 1960 602 1993 charitas
622 1959 682 1993 erit
701 1959 807 1999 firma,
831 1959 863 1992 in
885 1970 948 2003 qua
978 1960 1074 1993 simul
1093 1960 1202 1993 stude-

462 2012 567 2046 bimus
593 2018 622 2046 et
642 2013 833 2046 catholicam
858 2013 967 2053 fidem,
992 2019 1023 2046 et
1046 2013 1202 2047 Nicaeno-

464 2077 535 2100 rum
563 2077 725 2100 canonum
751 2067 879 2100 decreta
899 2077 1036 2100 servare.

498 2175 508 2200 1
528 2173 646 2201 Griinan.
669 2173 764 2209 codex,
780 2173 807 2200 in
823 2182 875 2209 quo
891 2174 947 2201 solo
963 2178 1070 2210 reperta
1081 2178 1121 2202 est
1137 2174 1204 2202 haec

462 2223 589 2259 epistola,
611 2223 675 2259 legit
691 2224 915 2259 praeyravavit,
937 2232 986 2251 vox
1008 2225 1147 2260 aptissima
1170 2224 1202 2250 ad

461 2271 665 2307 significandum
682 2266 818 2308 ingentem
839 2273 954 2301 Anatolii
974 2274 1114 2301 ambitum.
1137 2273 1202 2301 Mate

461 2330 524 2357 ergo
542 2322 702 2353 Quesnellus
725 2327 810 2350 marte
826 2332 873 2350 suo
893 2324 1032 2351 substituit
1059 2325 1200 2358 (Ji-avari&

461 2372 581 2399 Cacciar.
605 2373 675 2407 Opp.
698 2373 724 2399 S.
743 2373 840 2400 Leonis
857 2376 925 2408 part.
942 2380 970 2406 11,
991 2382 1052 2409 pag.
1070 2374 1130 2401 381.

496 2421 512 2448 2
537 2431 549 2446 «
567 2420 715 2448 Particulae
731 2422 782 2454 vel,
800 2430 868 2458 quae
884 2422 909 2448 iu
928 2422 986 2450 cod.
1000 2422 1082 2450 Grim.
1095 2423 1200 2458 legitur,

461 2474 546 2497 marte
558 2479 606 2497 suo
618 2471 755 2502 Quesnell.
765 2471 905 2498 substituit
917 2475 953 2504 et,
966 2480 1015 2499 nec
1027 2472 1084 2500 sinc
1098 2472 1200 2506 fraude,

461 2514 578 2542 arbitror
591 2524 614 2541 11.
636 2515 753 2542 Caeciar.
771 2524 831 2551 pag.
855 2516 916 2543 382.
935 2517 1038 2552 Quippe
1059 2518 1135 2544 Aetio
1151 2518 1203 2544 An-

461 2558 553 2586 dream
562 2559 643 2587 fuisse
653 2559 793 2587 surrectum
803 2564 875 2595 patet
885 2569 916 2587 ex
926 2569 968 2596 ep.
982 2568 1059 2588 Lxxtn
1068 2570 1128 2597 pag.
1140 2562 1200 2596 109,

461 2602 512 2630 col.
538 2602 563 2629 2.

985 201 1146 226 APPENDIX
1165 201 1314 226 BULLARII
1333 202 1451 227 ROMANI

2005 201 2055 228 An.
2071 200 2100 228 C.
2118 200 2172 229 2254

1282 250 1349 283 Dat.
1371 249 1507 293 septimo
1529 249 1600 282 idus
1618 248 1719 282 Martii
1736 249 1838 289 Aetio,
1855 254 1886 282 et
1902 249 1973 283 Stu-

1272 365 1331 392 Dat.
1347 365 1390 392 die
1405 365 1421 391 9
1441 364 1538 397 Martii,
1560 372 1602 390 an.
1625 364 1684 392 454.

1407 551 1591 586 EPlsTOLA·
1611 552 1768 586 LXXXVIl
1779 553 1799 585 ⁴.

1238 651 1387 685 Proterio
1407 650 1594 688 rescribens,
1615 650 1674 693 qui
1697 660 1799 682 unam
1816 650 1975 683 eamdem-

1282 715 1343 747 que
1364 703 1521 737 Ecclesiae
1538 713 1615 735 suae
1630 703 1726 745 sidem
1746 714 1817 736 cum
1838 714 1977 736 romana

1282 756 1469 800 profitetur,
1496 756 1594 788 huius
1617 755 1798 788 custodiam
1821 756 1975 800 episcopis

1283 812 1376 843 enim
1391 809 1603 849 commendat,
1630 813 1657 841 et
1677 813 1801 842 vetusta
1812 809 1972 843 Ecclesia-

1283 874 1355 896 γυνη
1376 863 1556 907 privilcgsia
1575 862 1734 896 servanda
1755 862 1850 895 iubet.

1307 963 1363 990 Leo
1383 962 1516 990 Proterio
1536 961 1675 996 episeopo
1694 960 1904 989 Alexandrino.

1282 1054 1352 1086 CAP.
1377 1054 1398 1085 1.
1422 1051 1688 1085 Laetificaverunt
1712 1062 1763 1085 me
1783 1051 1907 1085 litterae
1928 1051 1976 1085 di-
2018 1058 2177 1107 ⁹'9{,⁸-¹“¹“‡21
2203 1046 2206 1051 '

1239 1105 1385 1139 lectionis
1406 1111 1489 1145 tuae,
1514 1116 1592 1148 quas
1606 1105 1703 1138 frater
1720 1110 1750 1138 et
1767 1104 1978 1149 coepiscopus
1992 1093 2034 1136 123.
2044 1093 2060 1108 ⁵¹
2078 1090 2144 1112 ''³⁰“

1239 1165 1346 1193 noster
1366 1159 1548 1192 Nestorius⁵
1567 1158 1620 1202 pio
1652 1158 1834 1202 apportavit
1857 1158 1974 1191 officio.

1238 1212 1414 1256 Oportebat
1434 1212 1518 1245 enim
1541 1219 1575 1243 ut
1607 1212 1646 1244 ab
1667 1211 1900 1244 Alexandrinae
1919 1212 1978 1245 Ec·
2185 1246 2188 1251 ,

1239 1265 1353 1298 clesiae
1379 1265 1526 1309 praesule
1554 1264 1629 1297 talia
1654 1264 1772 1308 scripta
1792 1264 1833 1298 ad
1863 1264 1976 1298 Sedem
2013 1271 2196 1319 Βοηξαμαοοέἒμ

1239 1319 1449 1362 apostolicam
1472 1318 1685 1358 mitterentur,
1716 1328 1798 1361 quae
1833 1301 2178 1362 ostende-‘'eissssl'ge‘tlfffiaei

1239 1377 1320 1413 rent,
1346 1372 1530 1415 magisterio
1548 1364 1723 1406 beatissimi
1734 1372 1820 1405 Petri
1834 1371 1979 1416 Apostoli
2192 1370 2194 1373 '

1239 1426 1299 1459 hoc
1325 1426 1364 1458 ab
1385 1425 1476 1458 initio
1512 1437 1569 1469 per
1588 1424 1717 1458 beatum
1746 1426 1886 1459 Marcum
1912 1425 1980 1458 eius

1239 1480 1430 1523 discipulum
1444 1479 1593 1512 didicisse
1603 1479 1786 1523 Aegyptios,
1803 1479 1888 1523 quod
1902 1489 1979 1512 con-

1238 1537 1299 1566 stat
1312 1532 1485 1566 credidisse
1499 1533 1669 1565 Romanos:
1683 1532 1835 1575 quoniam
1850 1537 1979 1576 praeter

1238 1586 1408 1619 Dominum
1428 1586 1530 1618 lesum
1557 1585 1715 1618 Christum
1736 1589 1858 1618 nonest
1883 1585 1979 1618 aliud
1993 1590 2132 1639 saiu¹s⁰ni¹s¹i¹iss
2142 1591 2179 1638 gg}
2198 1619 2199 1622 ,

1237 1650 1354 1672 tvo-men
1383 1639 1498 1672 datum
1529 1640 1716 1672 hominibus
1742 1639 1798 1672 svb
1817 1639 1911 1679 coelo,
1941 1639 1978 1672 in
1993 1644 2048 1692 22⁰⁸
2062 1642 2195 1673 ¹2⁵1¹Ch¹¹ifi
2236 1647 2239 1659 ⁴

1237 1704 1300 1736 quo
1320 1697 1462 1736 oporteat
1483 1692 1562 1725 nosG
1579 1692 1684 1725 salros
1708 1692 1790 1734 fieri.
1815 1692 1876 1726 Sed
1902 1692 1978 1736 quia
2023 1686 2027 1691 ’

1237 1757 1300 1779 non
1322 1746 1467 1779 omniunt
1493 1751 1538 1779 est
1569 1745 1658 1785 fides,
1683 1750 1713 1778 et
1733 1745 1906 1779 insidiosus
1925 1745 1978 1779 ille

1239 1800 1377 1833 tentator
1415 1799 1511 1832 nullis
1544 1798 1644 1840 magis
1677 1799 1777 1832 corda
1807 1798 1976 1832 hominum

1238 1853 1378 1895 gaudent
1390 1852 1534 1885 sauciare
1552 1851 1749 1891 vulneribus,
1766 1862 1862 1895 quam
1876 1858 1912 1885 ut
1927 1851 1977 1884 in-

1238 1911 1347 1939 cautas
1367 1911 1489 1939 mentes
1514 1906 1562 1939 his
1583 1905 1705 1938 inficiat
1725 1905 1901 1947 erroribus,
1922 1905 1976 1949 qui

1237 1960 1299 1993 sint
1324 1959 1525 2002 evangelicae
1536 1958 1679 1992 veritatis
1700 1958 1837 1998 inimici;
1861 1968 1977 2001 magna

1237 2013 1342 2047 Sancti
1360 2012 1495 2055 Spiritus
1526 2012 1708 2045 eruditione
1728 2011 1896 2045 nitendum
1916 2017 1974 2053 est,

1238 2072 1272 2099 ut
1290 2065 1457 2099 diabolicis
1474 2066 1664 2099 falsitatibus
1689 2070 1830 2109 nequeat
1854 2064 1974 2097 intelli-

1272 2173 1288 2199 3
1311 2184 1323 2198 «
1339 2174 1439 2201 Contra
1455 2173 1513 2201 cod.
1532 2173 1611 2200 fidem
1628 2172 1764 2204 Quesnell.
1785 2180 1851 2200 eum
1868 2171 1979 2199 mutavit

1237 2217 1262 2244 in
1283 2218 1364 2245 illum
1382 2227 1405 2244 n.
1423 2217 1540 2245 Cacciar.
1553 2218 1571 2244 1.
1588 2226 1611 2244 0.

1273 2264 1288 2288 ά
1308 2263 1345 2290 Ex
1365 2262 1429 2290 editt
1456 2262 1580 2290 Ballerin.
1606 2262 1676 2298 Opp.
1697 2262 1727 2290 S.
1751 2262 1852 2290 Leonis
1877 2264 1941 2289 tom.
1959 2268 1977 2296 1,

1237 2308 1287 2370 cog
1305 2308 1411 2379 &figuti
1430 2342 1528 2370 Bedam
1543 2343 1703 2377 Nectar-ius,
1720 2342 1788 2370 male
1807 2352 1830 2368 ι).
1847 2340 1976 2368 Ballerin.

1237 2383 1288 2410 loc.
1306 2384 1350 2410 cit.

1272 2424 1287 2450 6
1304 2423 1421 2451 Cacciar.
1445 2424 1515 2458 Opp.
1534 2423 1564 2451 S.
1586 2423 1688 2451 Leonis
1703 2426 1772 2458 part.
1795 2428 1823 2456 tt,
1849 2429 1909 2458 pag.
1925 2421 1975 2449 384

1236 2477 1296 2495 cum
1316 2468 1350 2495 al.
1373 2469 1459 2495 omitt.
1476 2478 1536 2495 nos.
1558 2468 1657 2495 Contra
1679 2467 1760 2495 tidem
1786 2468 1847 2494 Act.
1872 2473 1909 2500 tv,
1933 2466 1976 2501 l2,

1236 2512 1282 2539 ubi
1299 2512 1405 2548 tegitur:
1427 2523 1439 2538 «
1454 2513 1543 2541 Nec...
1561 2513 1643 2539 aliud
1658 2520 1763 2539 nomen
1777 2514 1817 2539 est
1835 2511 1885 2538 sub
1904 2510 1977 2538 coelo

1236 2562 1333 2589 datum
1356 2562 1531 2595 hominibus,
1548 2562 1576 2588 in
1594 2569 1648 2595 qao
1673 2562 1799 2595 oporteat
1814 2567 1865 2586 nos
1885 2559 1977 2586 salvos

1236 2605 1308 2639 fieri.
