2244 3183
68 257 117 284 An.
133 255 162 282 C.
184 254 236 281 483

96 369 207 392 llludenim
217 374 251 388 ra-

69 398 167 419 tholicam
176 395 252 424 ductii-

69 432 116 447 nam
131 422 253 448 complecti-

69 456 103 474 tur

93 1383 203 1408 Sripturis.
212 1382 265 1402 enn-

79 1410 134 1430 cinis
141 1426 146 1433 ‚
167 1411 265 1430 Patribus

80 1437 247 1463 comprobatam.

898 250 924 274 S.
948 251 1043 275 FELIX
1064 251 1101 275 111
1120 251 1172 275 PP.

265 301 440 334 sinistrum
474 299 609 333 Iiim'lem
647 303 751 332 rectae
786 298 1011 342 dispositionis

267 354 424 394 excedere,
440 353 494 386 sed
515 354 569 386 1,·ιά
589 355 638 397 (ut
662 352 816 396 scriptum
840 352 899 393 est)
920 353 1012 394 rossia

266 407 438 451 mediaque
465 406 645 450 qradiendo
669 405 677 422 ¹
709 405 784 438 liinc
808 411 905 448 atque
937 405 1012 437 inde

267 461 406 495 Nestorii
441 460 690 505 Eutychetisque
722 458 890 501 sacrilegia
929 467 1009 491 con—

268 514 440 547 demnata¹3
463 515 639 554 detestans,
664 513 707 545 ita
728 522 865 555 magnae
885 511 1013 555 pietatis

267 567 461 611 praedicans
478 572 730 606 sacramentum,
750 572 786 599 ut
805 565 1013 608 omnipoten-

268 621 308 654 tis
338 621 394 654 Dei
422 620 525 654 Patris
549 619 823 653 consubstantiale
843 618 1014 662 sempiter-

268 684 413 717 numque
446 674 605 714 Verbum,
640 673 727 717 quod
757 670 1015 706 incommutabili

268 727 391 760 Deitate
411 727 422 743 ³
449 732 480 760 et
504 727 707 760 incarnatum
737 732 795 767 est,
825 732 857 760 et
883 725 923 758 ab
945 725 1016 769 ipso

271 780 444 814 ineffabilis
480 781 700 824 conceptionis
733 780 884 821 exordio,
919 789 1016 823 quam

270 834 332 867 sibi
354 834 386 866 in
405 839 500 867 utero
520 834 658 876 Virginis
676 833 782 867 Matris
800 839 950 877 potenter
970 833 1018 866 in-

271 887 421 927 struxit⁴,
442 897 544 920 unum
563 887 781 931 eumdemque
801 887 906 920 lesum
928 885 1018 920 Chri-

272 946 356 973 stum
389 940 561 973 Dominum
596 945 763 979 nostrum,
798 950 900 972 unum
929 949 1019 972 cum-

274 993 413 1036 demque
444 993 498 1026 Dei
531 998 561 1026 et
588 992 729 1026 hominis
756 992 894 1033 Filium,
917 1002 1018 1025 unum

275 1046 492 1089 eumdemque
510 1045 687 1086 inconfuse,
699 1045 833 1078 indivise
846 1046 948 1078 Deum
963 1045 1020 1078 ho-

276 1099 462 1142 minemque
490 1098 648 1132 veraciter
671 1105 916 1142 permanentem
938 1098 1019 1131 inte-

276 1157 400 1186 merata
408 1152 511 1185 Patris
519 1152 590 1195 lege
598 1152 773 1196 prolatum,
786 1152 817 1185 in
827 1152 889 1185 hoc
898 1153 1020 1186 mundo

278 1205 375 1239 fuisse
395 1206 607 1250 conspicuum
620 1206 641 1246 ⁵,
665 1205 773 1239 divina
792 1205 889 1238 simul
906 1205 1022 1239 huma-

278 1270 385 1303 naque
399 1260 549 1302 gessisse3
567 1265 745 1299 mortuum,
766 1265 862 1303 atque
880 1270 917 1292 ex
936 1270 1022 1293 mor-

282 1313 342 1346 tuis
365 1312 595 1354 exurgentem⁶
616 1313 648 1345 in
668 1312 770 1345 Patris
790 1313 921 1345 dextera
945 1312 1024 1346 resi-

281 1366 370 1407 dere,
390 1366 533 1410 itemque
550 1366 625 1399 inde
638 1372 867 1407 venturum,ut
880 1372 927 1399 est
939 1366 1024 1399 visus

281 1420 327 1453 ire
348 1420 380 1452 in
399 1420 517 1460 coelos,
538 1425 670 1453 eatenus
686 1420 930 1463 profiterentur,
947 1431 1026 1464 qua-

281 1479 375 1507 tenus
399 1474 558 1506 librorum
580 1480 739 1507 memorat
759 1474 889 1507 traditio
903 1473 1027 1507 divino-

280 1537 365 1568 rum,
393 1533 425 1561 et
455 1527 586 1560 Nicaeni
610 1527 743 1560 Concilii
773 1528 888 1567 forma,
911 1526 1027 1560 sicuti⁷

281 1580 388 1614 cuncti
406 1586 494 1614 retro
507 1580 735 1624 praedicavere
760 1580 950 1620 Pontifices,
966 1580 1028 1613 sic⁸

282 1643 395 1667 eorum
416 1639 481 1666 tam
502 1633 663 1677 Ephesino
681 1633 788 1677 primo
806 1639 1029 1677 competenter

283 1687 403 1720 inserta
423 1687 608 1728 conventui,
632 1697 697 1731 quo
718 1686 803 1720 beati
821 1687 926 1730 Papae
939 1687 1028 1721 Cele-

283 1740 357 1773 stini
383 1740 584 1784 temporibus
604 1740 794 1774 Nestoriana
814 1740 912 1784 pestis
930 1740 1030 1773 extin-

284 1799 334 1826 cta
354 1799 412 1834 est,
436 1804 533 1838 quam
559 1794 642 1827 datis
666 1800 822 1836 augustae
852 1794 1030 1828 memoriae

284 1847 382 1880 Leoni
393 1852 522 1881 sanctae
537 1847 714 1880 memoriae
724 1847 953 1893 LeonisPapae
962 1848 1031 1891 epi-

286 1900 377 1934 stolis
398 1901 538 1944 capitula
555 1900 700 1934 subiecta
714 1906 892 1941 testantur;
912 1901 1031 1945 quibus

287 1953 335 1986 vir
360 1954 413 1987 ille
434 1955 445 1970 ⁰
469 1955 642 1988 consulens
663 1954 760 1988 etiam
780 1955 876 1988 totius
893 1954 1032 1988 Orientis

289 2007 450 2052 episcopis
464 2006 497 2049 ¹⁰,
521 2018 699 2052 eorumque
717 2018 871 2052 responsa
891 2008 1032 2041 subscri-

289 2061 483 2105 ptionesque
503 2072 601 2105 super
621 2062 734 2106 synodi
761 2061 1034 2096 Chalcedonensis

289 2115 523 2159 approbatione
554 2115 750 2159 suscipiens,
785 2125 822 2149 ea
849 2115 1034 2149 nullatenus

324 2204 337 2230 ‘1
357 2203 432 2231 Deut.
445 2210 472 2237 11,
485 2213 508 2230 v.
522 2204 568 2237 27,
580 2204 626 2231 ubi
643 2204 720 2239 Vulg.
734 2204 785 2239 leg.
795 2204 912 2238 publica
923 2204 1036 2239 ymilic-

289 2253 358 2271 τηαν
369 2245 415 2270 via
424 2253 431 2276 ;
441 2253 499 2270 non
511 2244 719 2271 declinabimus
728 2253 820 2278 neque
829 2244 866 2270 ad
876 2244 1034 2278 desieram,

290 2292 381 2318 neque
396 2284 434 2309 ad
445 2283 602 2312 sinistram.
620 2284 762 2311 Caeterum
772 2284 846 2311 locus
857 2284 936 2310 nimis
946 2284 1036 2319 impli-

291 2328 367 2350 catus
382 2324 459 2359 clar,
476 2332 528 2359 quo
544 2324 603 2351 sieri
624 2328 722 2359 potest,
741 2325 838 2351 evadet
858 2324 880 2352 si
902 2324 1038 2351 variantes

293 2364 441 2391 locutiones
458 2364 541 2400 probe
564 2367 722 2391 connectas-

327 2409 344 2435 2
364 2409 429 2436 God.
448 2409 514 2436 1342
530 2409 599 2436 forte
609 2409 856 2443 meliussacrilesya
864 2412 1040 2445 conmenta.

330 2453 346 2480 3
362 2454 411 2480 (xit.
429 2453 507 2480 codd.
521 2453 582 2480 add.
605 2453 758 2480 descendit.

330 2499 346 2525 [ι
361 2498 425 2525 Cod.
445 2498 513 2524 1322
533 2498 672 2526 instituit.

330 2538 346 2564 5
366 2537 406 2565 Al.
422 2538 620 2572 perspicuum.

330 2578 347 2604 6
362 2578 411 2604 Cit.
428 2579 488 2605 cod.
506 2578 575 2604 1342
595 2577 684 2613 aptius
699 2576 904 2611 resurgentem.

332 2624 346 2650 7
365 2623 412 2650 cn.
434 2623 512 2650 codd.
536 2623 614 2655 1342,
632 2626 659 2649 et
680 2622 748 2649 1353
764 2620 872 2652 rectius,
890 2624 918 2647 ut
935 2621 1040 2656 opinor,

298 2663 419 2691 Nicaeni
432 2663 546 2691 concilii
559 2664 685 2698 formam
702 2662 803 2689 seculi.

361 2718 435 2752 App.
454 2717 531 2743 Bull.
554 2718 628 2745 Rom.
651 2733 675 2736 --
708 2716 807 2743 Vot.1.
938 2715 967 2742 31

1693 238 1752 272 211

1045 310 1155 343 passus
1176 304 1223 332 est
1244 299 1380 338 mutari,
1408 309 1473 342 quo
1495 297 1597 340 magis
1615 297 1789 331 christiana

1046 358 1154 386 mente
1174 353 1348 396 perpendit
1363 358 1393 386 et
1408 353 1469 385 hoc
1481 362 1548 385 esse
1561 362 1685 392 verum,
1702 352 1790 395 quod

1046 417 1118 439 cum
1153 407 1267 439 divinis
1299 406 1531 439 assertionibus
1555 405 1790 439 catholicorum

1047 460 1086 492 de
1107 465 1175 492 toto
1196 460 1274 493 orbe
1295 461 1464 493 doctorum
1486 460 1592 500 long-ve7
1617 465 1790 503 antequam

1046 513 1234 546 huiusmodi
1265 514 1411 557 quaestio
1440 519 1638 554 nasceretur,
1672 523 1790 546 conso-

1047 566 1158 598 nantia
1189 566 1309 609 ubique
1342 566 1425 599 dicta
1457 566 1735 606 concinuerant¹¹‚
1763 571 1792 598 ct

1048 618 1122 651 ideo
1146 618 1235 651 nulla
1255 618 1426 651 iteratione
1452 619 1640 652 refodienda
1653 618 1686 657 ¹¹²,
1711 629 1793 662 quae

1050 677 1235 705 constarent
1255 672 1323 705 iure
1343 672 1513 709 damnata;
1542 682 1581 705 ne
1603 682 1668 705 non
1689 673 1794 705 solum

1050 735 1147 758 causa
1166 736 1319 769 praesens
1336 725 1368 758 in
1389 736 1485 758 omne
1515 726 1663 758 catholici
1684 726 1793 759 nomi-

1050 779 1099 812 nis
1127 779 1276 814 extendat
1305 779 1450 819 exitium,
1482 779 1654 812 sedetiam
1674 779 1798 812 cunctis

1052 832 1191 866 residuis
1208 832 1229 848 ¹³
1251 832 1381 876 publica
1409 832 1495 865 bella
1514 831 1699 865 resumendi
1720 842 1799 875 pan-

1052 885 1148 918 datur
1179 885 1319 926 occasio,
1352 886 1376 918 si
1406 885 1553 929 quolibet
1578 885 1687 925 modo,
1711 885 1798 927 quod

1052 940 1153 972 semel
1181 950 1198 972 a
1225 939 1389 972 veteribus
1409 938 1634 972 universaliter
1654 937 1797 970 decisum

1052 999 1109 1032 est,
1126 997 1334 1032 retractetur}
1358 992 1403 1026 uti
1425 1003 1492 1025 esse
1505 992 1567 1025 iam
1581 991 1677 1024 etiam
1692 990 1713 1007 ¹⁴
1728 1001 1800 1034 per-

1053 1046 1167 1079 videtis
1187 1046 1422 1079 Alexandrinae
1442 1045 1603 1079 Ecclesiae
1634 1055 1802 1088 perverso-

1056 1111 1123 1134 rem
1140 1099 1160 1117 ¹⁵
1176 1100 1303 1133 funesta
1315 1100 1370 1133 diu
1382 1099 1573 1144 impunitate
1587 1104 1798 1141 grassantem,

1054 1153 1166 1187 vestris
1197 1153 1498 1198 praeceptionibus,
1533 1152 1651 1197 quihus
1685 1152 1801 1185 merito

1056 1206 1180 1240 dudum
1204 1207 1364 1250 probatur
1388 1206 1521 1247 eiectus,
1550 1216 1617 1239 esse
1637 1205 1803 1238 nihilomi-

1056 1270 1116 1293 nus
1137 1259 1346 1302 abigendum.

1101 1313 1154 1346 tl.
1171 1314 1219 1346 An
1237 1323 1301 1347 non
1321 1314 1388 1357 ipsc
1407 1319 1453 1346 est
1473 1323 1530 1357 per
1551 1313 1683 1355 triginta
1701 1322 1802 1345 annos

1058 1367 1237 1401 catholicae
1266 1367 1412 1400 desertor
1446 1366 1618 1406 Ecclesiae,
1654 1366 1803 1398 inimico-

1059 1432 1198 1466 rumque
1230 1420 1296 1454 eius
1327 1426 1467 1453 sectator
1498 1426 1527 1453 et
1557 1420 1686 1459 doctor,
1718 1419 1805 1452 etad

1060 1474 1262 1507 fundendum
1281 1474 1472 1516 sanguinem
1490 1473 1717 1516 sempervelox
1733 1472 1802 1511 suit,

1061 1534 1091 1561 et
1113 1528 1315 1572 promptus?
1340 1527 1505 1570 Numquid
1535 1527 1575 1559 ad
1602 1526 1685 1559 hanc
1712 1526 1805 1559 istam

1062 1580 1354 1613 dissimulationem
1380 1590 1491 1612 sumus
1512 1579 1652 1623 quadam
1672 1589 1707 1611 ex
1730 1589 1807 1611 con-

1061 1633 1199 1667 viventia
1225 1632 1504 1677 praeceptoris¹⁸‘?
1533 1632 1568 1665 In
1602 1642 1667 1675 quo
1695 1642 1806 1664 revera

1063 1697 1128 1720 non
1154 1692 1201 1720 est
1229 1697 1309 1730 opus
1341 1686 1540 1719 discussione
1573 1685 1698 1723 subtili3
1733 1685 1809 1728 quia

1064 1741 1132 1774 eius
1152 1745 1263 1784 aperta
1280 1745 1354 1773 sunt
1375 1739 1521 1773 crimina.
1539 1740 1628 1773 Dolet
1644 1744 1729 1771 certe
1743 1738 1809 1781 pie-

1064 1799 1110 1827 tas
1128 1800 1193 1833 tua,
1217 1794 1305 1837 quod
1327 1804 1384 1837 per
1402 1793 1573 1826 diuturnos
1593 1792 1693 1836 partis
1714 1792 1809 1824 alter-

1064 1858 1124 1881 nae
1152 1857 1330 1890 gravcsque
1362 1846 1530 1880 conflictus
1559 1845 1651 1878 multi
1682 1856 1717 1878 ex
1750 1845 1811 1878 hoc

1065 1901 1195 1935 saeculo
1217 1901 1385 1933 videantur
1403 1900 1500 1933 ablati
1523 1905 1577 1933 aut
1594 1899 1807 1943 baptismatis,

1066 1961 1119 1988 aut
1141 1954 1381 1988 communionis
1402 1960 1559 1998 expertes.
1583 1953 1648 1986 Sub
1659 1953 1721 1986 hoc
1735 1963 1811 1993 ergo

1066 2008 1218 2052 praesule
1244 2018 1284 2041 ne
1308 2008 1372 2041 sint
1395 2007 1557 2051 baptizati,
1581 2013 1612 2039 et.
1633 2006 1812 2039 efficiantur

1067 2062 1234 2103 haeretici,
1258 2068 1288 2095 ct
1307 2062 1375 2095 sine
1389 2061 1619 2095 communione
1635 2067 1808 2101 transcant,

1067 2125 1108 2149 ne
1125 2115 1157 2148 in
1174 2115 1376 2159 perditorum
1404 2114 1559 2158 pravitate
1582 2114 1751 2153 clefician13
1778 2119 1810 2146 ut

1105 2204 1120 2230 8
1141 2204 1190 2230 Cit.
1208 2203 1286 2230 codd.
1303 2212 1444 2238 perperam
1466 2207 1495 2230 ut
1511 2203 1592 2229 ridet.
1614 2203 1695 2229 Sicut
1715 2210 1812 2229 eorum

1070 2242 1128 2267 lam
1144 2240 1287 2273 Ephesiae
1300 2240 1441 2273 plurima.

1105 2277 1121 2302 9
1138 2275 1187 2301 (Iit.
1204 2275 1264 2301 cod.
1282 2279 1355 2301 recte
1371 2274 1445 2301 addit
1457 2277 1614 2309 permotus.

1110 2316 1140 2340 to
1157 2315 1208 2341 Cit.
1226 2314 1304 2340 codd.
1322 2318 1396 2341 recte
1412 2314 1577 2348 Episcopo&

1109 2356 1136 2381 11
1152 2354 1202 2381 Cit.
1215 2354 1293 2381 codd.
1305 2362 1425 2381 consona
1436 2354 1539 2388 ubique
1549 2354 1626 2381 (licta
1638 2353 1813 2381 cecinerunt.

1110 2395 1141 2421 12
1158 2394 1208 2420 Cit.
1225 2393 1303 2421 codd.
1318 2394 1482 2428 refovenda.

1113 2435 1141 2461 13
1157 2434 1221 2461 Cod.
1242 2434 1308 2460 1342
1323 2438 1396 2461 recte
1412 2434 1521 2461 cunctis
1535 2434 1707 2461 haeresibus.

1111 2476 1142 2502 14
1162 2475 1211 2501 Cit.
1235 2474 1311 2502 codd.
1335 2474 1437 2501 addunt
1447 2476 1550 2509 procul
1565 2475 1660 2502 dubio.

1112 2516 1143 2542 15
1163 2515 1212 2541 Cit⁴
1234 2514 1312 2541 codd.
1326 2522 1517 2549 pervasorem.

1112 2556 1143 2581 16
1163 2555 1228 2581 Cod.
1254 2554 1320 2581 1:322
1343 2562 1403 2580 cuin
1420 2554 1454 2580 al.
1468 2554 1532 2581 edit.
1549 2554 1738 2581 conniventia.
1759 2554 1815 2588 Ap-

1077 2590 1171 2626 pendix
1184 2590 1283 2617 codicis
1299 2589 1434 2616 Tlieodos.
1452 2590 1523 2624 apud
1535 2589 1705 2615 Sirinonduin
1716 2590 1766 2623 leg.
1783 2597 1818 2614 rw

1075 2626 1238 2688 colri'blcqlia
1254 2626 1412 2660 recepturi,
1437 2625 1482 2652 scd
1504 2625 1593 2660 inepte
1614 2625 1646 2652 ad
1666 2625 1816 2659 sequentia,

1077 2665 1104 2687 nt
1123 2670 1144 2688 vi
1167 2670 1180 2687 e
1196 2670 1236 2687 ur.

1821 249 1870 276 An.
1887 249 1915 275 C.
1935 247 1986 275 483

1835 575 1881 595 Iure
1893 575 1993 594 <tunnam

1809 607 1849 622 UOR

1809 629 1856 648 dira

1862 603 1952 627 auu-ltux
1964 608 1993 620 ui·

1860 630 1907 648 ndu.

1830 1322 1899 1347 Mops-
1909 1320 1996 1340 crimina

1849 1960 1870 1981 ld

1826 1989 1872 2009 dus.

1874 1966 1898 1980 eu
1908 1959 2011 1985 expellent*
