2244 3183
254 223 303 250 An.
325 222 353 250 C.
373 223 418 250 2551

280 976 309 996 Ab
318 975 438 996 haerent-0-

254 1009 298 1023 rum
314 1002 397 1023 fallacia
408 1001 438 1022 ili-

252 1029 342 1055 ligcutcr
363 1035 438 1050 caseu-

255 1057 309 1077 dum.

290 1349 318 1368 [lc
329 1349 360 1367 bi*
372 1347 439 1367 cousi-

255 1376 304 1396 lium
325 1381 385 1394 sunm
404 1374 439 1395 dc-

275 1667 374 1688 Strirtius
385 1672 439 1686 com-

255 1694 377 1720 pruncuilus
402 1695 440 1717 cst,

256 1728 291 1747 qui
300 1723 371 1747 nequit
381 1721 439 1740 bcni·

255 1749 334 1773 gnitate
344 1753 423 1768 sallust.

489 213 529 246 76

451 281 509 315 per
529 269 734 303 occasionem
760 267 958 314 necessitatis
983 273 1014 302 et
1034 268 1127 301 nobis
1153 274 1191 309 te,

452 330 482 358 et
502 323 625 368 patriae
646 327 880 367 praesentares.
904 322 995 361 Quod
1012 332 1085 355 vere
1104 322 1191 355 futu-

451 385 522 407 rnm
553 383 776 418 speraveram,
807 379 842 406 ut
874 373 1016 416 apertius
1047 373 1192 406 omnium

452 427 689 460 haereticorum
712 426 865 469 ambages
887 432 940 459 tuo
961 437 1017 460 ore
1038 437 1194 469 recogno-

451 491 574 513 scerem
596 479 614 513 ¹.
639 480 700 513 Sed
729 480 848 523 gratias
872 481 937 514 Deo
952 507 960 521 ‚
983 481 1071 524 quod
1092 480 1135 513 ita
1163 486 1194 514 et

452 533 657 566 incolumitas
678 538 742 573 tua,
766 538 797 566 et
813 533 974 566 Ecclesiae
994 544 1106 566 caussa
1119 544 1194 577 pro-

452 587 545 627 fecit,
573 592 607 619 ut
636 586 773 620 liberum
807 586 862 619 tibi
895 587 993 619 suerit
1023 587 1108 630 apud
1140 597 1193 619 eos

452 639 580 673 interim
607 640 735 682 degere,
756 650 897 684 quorum
917 639 1011 673 nobis
1035 640 1190 684 probahi-

452 695 489 727 lis
506 704 682 727 consensus
700 693 940 734 innotuit‚sicut
953 700 981 727 et
995 694 1100 727 fratris
1112 695 1192 727 Ana-

452 748 519 782 tolii
544 748 662 792 scripta
692 748 909 792 profitentur,
934 754 965 781 et
993 754 1079 790 gesta
1112 759 1194 790 quae

451 802 536 845 apud
558 802 662 845 ipsum
691 812 800 834 coram
831 801 950 834 nostris
978 807 1051 834 sunt
1082 802 1192 834 conte-

452 860 501 888 cta
525 854 546 895 ²,
571 856 802 895 demonstrant,
824 856 919 888 frater
933 854 1106 888 carissime.
1129 856 1192 888 Re-

453 910 635 943 meantihus
668 920 744 951 ergo
776 909 971 952 praedietis,
995 909 1195 942 salutationis

453 963 706 996 vicissitudinem
727 963 840 1003 reddo,
868 968 900 996 et
923 968 958 996 ut
979 970 1091 996 contra
1111 963 1196 996 salsi-

455 1017 528 1050 tatis
549 1017 681 1050 astutias
706 1022 967 1061 perseverantem
995 1017 1193 1059 diligentiam

455 1076 584 1109 teneas,
605 1069 742 1102 fidenter
770 1070 942 1102 exhortor:
975 1081 1046 1103 cum
1075 1070 1131 1102 tibi
1156 1071 1194 1103 ad

453 1123 515 1156 hoc
540 1128 570 1156 et
591 1129 663 1156 tuus
683 1122 821 1165 animus,
843 1129 873 1155 et
893 1128 1003 1155 nostra
1023 1123 1196 1156 auctoritas

452 1177 657 1219 suffragetur.
682 1176 840 1215 Quoniam
861 1176 935 1209 licet
949 1177 988 1209 de
1009 1177 1117 1209 multis
1131 1188 1196 1209 me-

453 1230 535 1262 liora
553 1230 693 1262 indicata
718 1229 791 1269 sint,
821 1230 908 1272 quod
928 1229 1049 1263 scilicet
1067 1230 1195 1262 doleant

454 1293 486 1315 se
519 1283 692 1325 deceptos,
720 1288 749 1314 et
782 1283 934 1315 damnata
961 1282 1098 1325 perfidia
1123 1293 1195 1315 cum

455 1335 640 1368 auctoribus
669 1335 756 1374 suis,
780 1335 917 1377 gratiam
948 1341 1077 1368 nostrae
1107 1347 1195 1368 com-

455 1388 618 1421 munionis
639 1393 812 1431 exposcant
839 1388 944 1431 <quod
965 1399 1023 1421 nos
1047 1389 1128 1422 adeo
1153 1389 1194 1421 li·-

454 1443 569 1476 henter
593 1442 798 1486 accepimus,
822 1441 981 1475 reddituri
1012 1442 1062 1475 his
1092 1443 1193 1484 hanc,

455 1506 552 1539 qnam
581 1495 784 1536 desiderant,
808 1496 1094 1537 communionem,
1123 1507 1196 1530 cum

455 1549 614 1592 promissa
638 1548 649 1564 ³
669 1548 937 1592 compleverint);
961 1550 1117 1593 quosdam
1145 1555 1193 1582 ta-

456 1602 551 1634 ιηρη4
569 1601 740 1645 persistere
761 1601 793 1634 in
817 1612 874 1634 sua
899 1602 1112 1635 obduratione
1137 1613 1193 1636 co·-

455 1656 642 1698 gnorimus,
666 1666 748 1698 quos
768 1660 895 1699 oportet
914 1655 1087 1689 districtius
1108 1667 1196 1689 eom-

454 1709 562 1753 primi,
579 1709 603 1741 si
622 1715 785 1753 nequeunt
799 1709 994 1752 benignitate
1016 1711 1132 1744 sanari.
1150 1713 1196 1745 Ad

455 1773 551 1806 quam
572 1774 638 1796 rem
661 1768 788 1796 nostros
811 1769 885 1807 post
908 1763 993 1796 diem
1014 1765 1193 1807 tvenerabi-

454 1816 516 1848 lem
538 1817 677 1849 Paschae
698 1817 707 1831 ⁵
727 1817 986 1860 (lirigemusqui
1006 1822 1195 1861 tecumpar-

456 1869 586 1913 ticipato
608 1869 753 1908 consilio,
778 1880 918 1912 eaquae
947 1881 964 1902 a
994 1870 1087 1904 nobis
1118 1882 1195 1904 con—

455 1924 563 1956 stituta
584 1924 713 1964 suerint,
737 1930 949 1967 exequantur.

498 1978 575 2010 Data
601 1977 707 2010 idibus
733 1977 870 2021 Aprilis,
894 1977 1017 2010 Adelfio
1039 1977 1106 2011 viro
1132 1979 1196 2011 cla-

455 2031 582 2064 rissimo
608 2031 751 2064 consule.

490 2094 547 2120 Dat.
564 2093 607 2121 die
626 2094 660 2121 213
676 2093 776 2129 Aprilis
792 2101 837 2120 an.
855 2094 915 2121 451.

495 2194 501 2218 l
522 2192 640 2218 Caeciar.
659 2193 728 2226 0111).
752 2193 780 2219 S.
802 2192 902 2218 Leonis
922 2195 991 2227 part.
1014 2198 1042 2225 11,
1060 2200 1120 2227 pag.
1146 2192 1197 2219 ⁰248

455 2240 515 2258 cum
535 2236 588 2259 ant.
607 2232 676 2267 vulg.
699 2237 726 2259 et
746 2241 808 2259 mss.
826 2233 1102 2266 Vatcoynoscerem.
1116 2232 1196 2259 Ania-

456 2276 551 2294 nuens.
570 2268 677 2300 mendo,
695 2271 723 2294 ut
739 2268 854 2294 ridetur.

490 2308 506 2334 2
530 2319 541 2332 κ
556 2309 616 2335 Vnt.
638 2309 708 2335 21:340
719 2308 792 2334 addit
807 2308 849 2335 hic
869 2308 1013 2343 fratribus
1028 2318 1052 2334 ».
1076 2308 1194 2335 Caeciar.

456 2343 505 2370 luc.
523 2344 567 2370 cit.

491 2380 507 2406 3
526 2390 538 2404 (ι
555 2379 654 2415 Rutisp.
679 2379 736 2406 eod.
753 2379 955 2413 praemissa».
973 2379 1102 2406 Bullerin.
1121 2379 1137 2405 l.
1156 2388 1177 2406 c.

491 2416 506 2442 li·
523 2425 533 2438 u
554 2414 610 2441 Vat.
643 2416 706 2441 1:340
731 2418 827 2442 cantem
844 2425 870 2441 ».
894 2414 1011 2441 Caeciar.
1029 2415 1089 2441 249.
1112 2415 1197 2442 Recte

455 2450 487 2477 ad
503 2458 575 2476 sens.
595 2458 620 2476 u.
639 2451 656 2476 l.

491 2486 507 2512 5
525 2496 537 2510 «
558 2486 612 2512 Vox
629 2486 753 2512 Paschae
773 2485 798 2511 in
814 2485 883 2520 plur.
906 2493 968 2511 mss.
987 2485 1194 2513 desideratur».

457 2521 580 2548 Ballerin.
599 2523 649 2548 col.
661 2522 740 2555 iniit,
753 2521 949 2556 qniautnmant
964 2521 990 2547 h.
1009 2530 1051 2556 ep.
1069 2521 1196 2556 scriptam

456 2561 518 2583 aute
534 2556 604 2582 diem
621 2556 727 2587 vasen,
744 2557 850 2582 missam
867 2564 929 2583 vero
946 2561 1046 2591 postea.

490 2593 508 2654 ¹6
524 2591 575 2654 Ex1
589 2592 652 2619 edit.
685 2591 807 2618 ballerin.
840 2592 909 2626 Opp.
928 2593 956 2619 S.
978 2592 1081 2620 Leonis
1097 2595 1159 2619 tom.
1177 2599 1195 2619 1.

456 2635 506 2654 co.
528 2628 559 2654 10
578 2628 603 2654 3.

978 220 1306 245 APPENDlx‘BULLAmt
1329 222 1447 245 ROMANI

1427 267 1610 303 EPISTOLA
1636 268 1726 301 XLIX
1745 267 1767 302 ⁶.

1229 365 1274 399 De
1286 367 1451 400 Marciani
1470 376 1547 409 erqct
1559 365 1736 398 Ecclesiam
1748 365 1795 397 sol
1799 365 1971 398 licitfucline

1273 420 1412 452 laetatus
1429 419 1575 452 eumdem
1595 419 1781 459 obtestatur,
1799 429 1838 451 ne
1857 418 1895 451 de
1905 419 1970 452 Eu-

1273 471 1388 513 tychis,
1412 481 1448 502 ac
1468 469 1614 502 Dioscuri
1632 468 1695 511 fide
1725 478 1845 501 novum
1875 468 1968 501 iudi-

1271 524 1358 556 cium
1371 524 1450 555 insli
1455 527 1541 555 tuere
1553 522 1653 562 sinat,
1670 521 1788 565 quidve
1801 522 1837 554 in
1849 522 1970 563 synodo

1271 577 1461 620 praesertim
1481 577 1523 609 sit
1549 575 1757 608 tractandum
1767 575 1967 618 siynificans,

1272 641 1346 663 mox
1367 630 1487 673 Ieyatos
1506 640 1579 661 suos
1597 628 1782 672 pollicetur.

1316 721 1372 748 Leo
1387 721 1548 754 Episcopus
1568 718 1720 747 Marciano
1740 719 1885 753 Augusto.

1273 801 1344 835 Cn».
1370 802 1390 834 l.
1415 799 1565 839 Quamvis
1584 800 1593 816 ⁷
1613 810 1671 844 per
1695 799 1969 844 Constantinopo-

1230 855 1344 888 litanos
1364 854 1498 887 clericos
1526 855 1566 887 ad
1596 853 1747 898 pietatem
1778 859 1865 886 tuam
1896 858 1970 887 ante

1230 908 1450 952 rescripserim
1465 908 1485 948 ⁸3
1500 907 1637 951 sumptis
1651 913 1759 941 tamen
1781 907 1971 942 clementiae

1230 968 1352 996 vestrae
1370 961 1483 995 litteris
1503 972 1561 1005 per
1581 961 1684 994 virum
1706 961 1864 994 illustrem
1876 961 1972 994 Prae-

1231 1017 1346 1049 fectum
1372 1016 1460 1049 urbis
1480 1015 1583 1049 silium
1598 1026 1708 1048 meum
1727 1016 1737 1031 ⁹
1757 1015 1923 1049 Tatianum
1936 1014 1970 1057 ¹⁰,

1231 1080 1379 1112 magnam
1401 1069 1569 1102 materiam
1589 1068 1813 1111 gratulationis
1837 1068 1969 1113 accepi,

1230 1123 1304 1167 quia
1322 1122 1573 1156 studiosissimos
1598 1133 1652 1155 vos
1671 1121 1906 1155 ecclesiastieae
1917 1133 1974 1166 pa-

1231 1176 1275 1209 cis
1297 1175 1421 1217 agnovi.
1443 1175 1497 1209 Cui
1518 1181 1630 1208 saneto
1655 1174 1817 1207 desiderio
1843 1174 1939 1217 digna
1952 1173 1972 1192 ¹¹

1231 1229 1391 1272 aequitate
1412 1229 1586 1268 consertur,
1607 1233 1639 1260 ut
1655 1238 1750 1271 quem
1772 1232 1889 1260 statum
1905 1238 1974 1261 esse

1231 1281 1346 1324 cupitis
1378 1281 1564 1323 religionis,
1591 1280 1740 1313 eumdem
1772 1280 1918 1314 habeatis
1944 1286 1975 1314 et

1233 1335 1332 1377 regni.
1354 1335 1433 1368 Nam
1458 1334 1541 1367 inter
1556 1332 1576 1350 ¹²
1596 1333 1758 1377 principes
1783 1333 1973 1367 christianos

1231 1388 1351 1432 Spiritu
1371 1388 1427 1421 Dei
1448 1387 1659 1421 confirmante
1677 1387 1896 1428 concordiam,
1920 1398 1973 1430 ge-

1232 1442 1319 1475 mina
1341 1452 1399 1485 per
1419 1446 1520 1474 totum
1543 1441 1700 1474 mundum
1731 1440 1850 1473 fiducia
1869 1441 1969 1473 roho-

1231 1502 1337 1529 ratur:
1366 1495 1440 1539 quia
1460 1494 1621 1538 profectus
1639 1494 1800 1527 charitatis
1821 1499 1852 1527 et
1875 1494 1969 1536 fidei,

1232 1555 1445 1592 utrorumque
1473 1558 1639 1580 armorum
1669 1547 1847 1591 potentiam
1878 1547 1969 1580 insu-

1231 1602 1405 1646 perabilem
1428 1601 1512 1642 saeit,
1535 1605 1570 1634 ut
1589 1600 1764 1644 propitiato
1792 1610 1851 1643 per
1874 1610 1972 1632 unam

1232 1655 1466 1688 confessionem
1487 1655 1563 1695 Deo,
1584 1653 1722 1687 simulet
1739 1652 1901 1686 haeretica
1915 1653 1972 1686 sal-

1230 1710 1324 1749 sitas,
1348 1715 1379 1743 et
1408 1709 1547 1741 barbara
1578 1709 1761 1741 destruatur
1791 1706 1969 1748 hostilitas,

1231 1763 1460 1805 gloriosissime
1480 1763 1669 1806 Imperator.
1685 1763 1786 1795 Aucta
1806 1761 1904 1804 igitur
1915 1772 1973 1805 per

1233 1817 1433 1860 imperialem
1461 1815 1634 1849 amicitiam
1660 1826 1716 1859 spe
1744 1814 1889 1848 caelestis
1909 1826 1970 1848 au-

1233 1871 1310 1911 xilii,
1335 1869 1551 1903 confidentius
1570 1869 1724 1913 pietatem
1751 1874 1888 1902 vestram
1912 1879 1973 1912 pro

1230 1931 1430 1959 sacramento
1444 1923 1554 1957 salutis
1567 1924 1727 1957 humanae
1740 1922 1872 1956 incitare
1881 1933 1974 1967 prae-

1230 1989 1339 2017 sumo,
1363 1989 1402 2010 ne
1423 1977 1613 2021 cuiusquam
1641 1976 1771 2021 procaci
1800 1976 1972 2020 impuden-

1232 2030 1350 2075 tique¹³
1370 2030 1508 2063 versutia
1525 2029 1615 2074 quasi
1637 2030 1675 2063 de
1686 2028 1707 2046 ¹⁴
1731 2029 1866 2069 incerto,
1894 2028 1972 2072 quid

1231 2085 1429 2128 sequendum
1448 2084 1497 2124 sit,
1514 2083 1626 2117 sinatis
1647 2082 1776 2127 inquiri.
1791 2082 1828 2116 Et
1845 2092 1917 2115 cum
1931 2082 1971 2115 ab

1266 2192 1280 2218 7
1298 2202 1309 2215 «
1328 2190 1367 2217 ΑΙ,
1385 2191 1437 2218 etsi
1456 2202 1480 2217 η,
1499 2190 1624 2217 Balleriu.
1642 2190 1658 2217 l.
1678 2199 1700 2217 c.

1232 2227 1395 2289 ίῙίιξὲωίςυηυὶι
1410 2226 1564 2262 epistolam,
1585 2234 1665 2262 quam
1690 2234 1748 2262 sup.
1771 2233 1842 2252 num.
1860 2230 1911 2251 XLV
1926 2224 1973 2252 de-

1265 2303 1281 2330 9
1301 2283 1372 2329 «Im.
1390 2305 1558 2329 nastrum».
1581 2302 1705 2328 natum-in.
1724 2301 1774 2329 coi.
1799 2300 1876 2328 1044.

1268 2344 1300 2369 tu
1323 2354 1335 2367 «
1355 2342 1438 2369 Griun.
1456 2342 1514 2369 cod.
1539 2350 1680 2377 perperam
1703 2342 1852 2369 Titianum
1869 2349 1893 2367 t.
1910 2340 1973 2367 Bal-

1231 2379 1341 2428 ¹9¹5¹¹2¹÷
1357 2387 1382 2436 ‘c
1406 2383 1431 2404 et
1451 2378 1568 2404 Cucciar.
1593 2379 1661 2412 Opp.
1681 2378 1709 2405 S.
1732 2377 1835 2404 Leonis
1851 2379 1920 2411 part.
1942 2382 1972 2409 11,

1232 2423 1294 2476 pugi
1314 2415 1436 2475 {Picciau
1459 2448 1476 2475 l.
1499 2457 1521 2475 c.
1539 2448 1650 2475 (livino.
1669 2448 1747 2475 Forte
1767 2446 1872 2474 melius.

1268 2486 1299 2511 12
1316 2495 1327 2507 «r
1346 2485 1403 2511 Duo
1420 2485 1490 2511 Yatt.
1507 2484 1628 2511 addhos
1644 2493 1666 2511 γ’.
1689 2483 1808 2510 Caeciar.
1825 2482 1842 2509 l.
1865 2490 1887 2508 c.
1907 2481 1972 2508 Per-

1232 2529 1333 2582 pergin?
1346 2555 1384 2581 At.
1403 2555 1638 2590 imprudentique
1651 2565 1676 2580 n.
1695 2553 1818 2581 Ballcrin.
1840 2552 1857 2580 l.
1876 2561 1898 2580 c.

1265 2592 1300 2618 214
1323 2591 1415 2618 «Tres
1436 2590 1513 2618 codd.
1535 2591 1625 2618 delent
1640 2591 1708 2617 de».
1730 2588 1848 2616 eacciar.
1866 2596 1891 2624 p.
1908 2586 1970 2616 251.

1231 2626 1307 2661 Male,
1324 2630 1354 2654 ut
1368 2625 1483 2654 videtur.

2000 219 2050 247 An.
2069 219 2097 247 C.
2113 219 2162 247 451

2012 812 2115 833 Marciani
2127 815 2170 834 stu-

1985 839 2042 860 dium
2067 839 2094 860 ad
2098 845 2170 861 versus

1985 865 2110 888 Ecclesiam.

2030 1503 2128 1525 charitas
2151 1505 2173 1526 οἱ
2207 1521 2210 1524 .

1987 1530 2040 1551 fides
2065 1536 2172 1552 armorum
2211 1533 2215 1539 ¹

1988 1557 2028 1577 viui
2050 1557 2121 1577 reddit
2137 1557 2172 1578 in-
2206 1568 2210 1581 ῑ

1986 1583 2140 1610 superabilem.

1989 1902 1993 1905 -
2023 1875 2127 1897 Obsecrat
2145 1881 2171 1896 ne
2215 1892 2218 1895 ,

1988 1908 2008 1922 m
2027 1902 2077 1922 fidei
2096 1907 2171 1922 causas

1989 1928 2066 1955 inquiri
2079 1928 2172 1955 patiatur
