2244 3183
281 219 330 247 An.
347 219 375 246 C.
393 220 443 247 452

337 917 431 940 Mandat,
442 919 464 937 ut

281 944 361 964 Theou.
400 944 464 964 lias-ce

281 971 360 990 litteras
388 970 464 990 Metro-

280 997 359 1022 politae
387 997 463 1022 signiti-

280 1026 321 1043 cet.

505 211 519 243 ‘l
528 211 570 244 04.

479 376 594 408 fuerint
625 376 797 417 ago-ravan,
832 383 863 409 ut
897 378 982 421 quod
1011 378 1118 421 paullo
1144 385 1215 411 ante

478 428 663 471 poscebant,
691 429 749 461 suli
772 431 951 473 praesentia
976 431 1151 464 sacerdotis
1175 432 1216 464 si-

478 482 632 523 gnificat-e
672 493 735 516 non
774 484 910 522 valeant,
951 484 1133 517 testimonia
1172 485 1216 517 eis

479 535 621 568 fidelium
643 536 916 569 circumstantium
943 538 1095 580 prodesse
1121 538 1216 571 delie-

479 589 568 628 bunt,
592 596 626 622 ut
643 590 778 623 simulet
801 591 1029 634 poenitentiae,
1054 598 1084 625 et
1104 602 1216 624 recon-

479 642 650 675 ciliationis
671 643 863 676 beneficium
880 651 1127 688 consequantur:
1152 655 1216 677 ser-

479 701 548 728 vata
563 701 670 729 tamen
683 697 794 739 regula
809 707 967 731 canonum
986 703 1195 741 paternorum
1207 698 1217 714 ⁸

479 749 564 782 circa
595 760 707 782 eorum
737 761 902 794 personas,
927 751 980 795 qui
1014 751 1044 784 in
1076 752 1174 785 Deum
1200 763 1217 785 a

480 802 543 835 side
562 803 572 819 ⁴
591 803 785 837 discedendo
807 810 993 848 peccarunt.

523 855 595 889 CAP.
619 857 666 889 Vl.
691 857 775 890 Haec
789 863 909 898 autem,
928 858 1024 891 frater
1041 858 1061 898 ⁵,
1083 868 1164 901 quae
1178 858 1217 891 ad

481 908 766 951 interrogationem
779 910 959 944 dilectionis
980 916 1053 944 tuae
1074 911 1146 944 ideo
1166 922 1217 944 re-

480 961 606 1004 spondi,
626 973 665 995 ne
686 962 808 1006 aliquid
829 964 1027 996 eontrarium
1049 964 1107 997 sub
1129 964 1218 1005 igno-

480 1015 601 1048 rantiae
623 1016 827 1049 excusatione
847 1024 1015 1058 gereretur
1033 1017 1054 1058 ⁶,
1085 1017 1116 1049 in
1145 1028 1214 1050 me-

481 1068 663 1112 tropolitani
687 1069 730 1102 tui
756 1070 902 1102 notitiam
923 1070 1018 1103 facies
1038 1070 1213 1114 pervenire:

480 1127 514 1154 ut
532 1122 556 1154 si
578 1122 632 1165 qui
655 1122 736 1155 sorte
760 1128 834 1155 sunt
853 1123 997 1164 fratrum,
1026 1123 1080 1166 qui
1106 1124 1144 1156 de
1170 1123 1218 1156 his

479 1181 571 1207 antea
589 1175 769 1218 putaverint
782 1176 1023 1218 ambigendum,
1044 1187 1100 1220 per
1114 1176 1216 1220 ipsum

479 1228 518 1260 de
539 1228 700 1269 omnibus,
721 1240 803 1273 quae
824 1231 864 1263 ad
883 1236 910 1263 te
929 1230 1046 1274 scripta
1064 1236 1147 1271 sunt,
1168 1230 1217 1262 in-

483 1286 649 1328 struantur
665 1282 684 1314 ⁷.

521 1334 591 1366 Dat*
608 1345 643 1368 111
658 1335 727 1368 idus
741 1335 751 1351 Β
764 1335 857 1376 Iunii,
874 1336 1057 1369 Ilerculano
1072 1336 1139 1369 viro
1154 1336 1217 1368 cla-

478 1386 616 1420 rissimo.

514 1448 569 1475 Dat.
588 1448 631 1476 ilie
650 1451 675 1476 11
695 1450 771 1484 lunii,
788 1459 830 1477 an.
848 1451 910 1477 452.

695 1618 877 1652 EPISTOLA
908 1618 984 1651 Lxx
995 1618 1015 1651 ³.

478 1720 523 1752 De
553 1720 783 1752 monachorum
822 1721 995 1763 Eutychen
1032 1714 1215 1753 calliam-en-

524 1779 603 1811 tium
620 1779 803 1821 pertinacia
818 1778 956 1811 dolorem
972 1789 1065 1811 suum
1087 1779 1219 1811 Iuliano

523 1837 644 1879 apere't;
680 1836 714 1869 S.
754 1836 934 1869 Athanasii
971 1836 1139 1880 epistolam
1177 1837 1219 1869 ad

523 1894 696 1927 haereticos
718 1894 906 1937 refellendos
927 1905 946 1927 a
966 1905 997 1927 se
1012 1896 1142 1927 missam
1159 1905 1220 1927 me-

520 1956 637 1992 morat,
668 1963 704 1984 ac
738 1952 1029 1995 Ierosolymitamte
1059 1952 1218 1985 Ecclesiae

519 2011 601 2043 vices
621 2010 777 2053 deplorat.

614 2109 669 2136 Leo
689 2109 767 2143 Papa
784 2108 901 2136 Iuliano
925 2108 1079 2143 Episcopo.

521 2189 592 2222 CAP.
617 2189 638 2222 Ι.
662 2188 777 2222 Gravia
796 2194 880 2230 sunt,
898 2194 928 2222 et
941 2198 1006 2222 non
1020 2199 1118 2232 parvo
1130 2198 1217 2222 moe-

477 2252 550 2275 rore
571 2242 720 2284 lugenda,
745 2253 828 2286 quae
854 2242 1007 2275 salsorum
1035 2242 1214 2274 monacho-

513 2341 522 2365 l
541 2339 602 2365 Vet.
624 2339 688 2366 edit.
720 2342 750 2367 ιιι
773 2347 822 2366 nec
851 2339 925 2366 actio
941 2339 1001 2366 illis
1019 2339 1217 2373 poenitentiae

476 2383 527 2401 mee
545 2374 757 2401 communionis
778 2375 875 2408 qratia
898 2375 1065 2409 deneaetur,
1085 2375 1111 2401 szss
1133 2382 1213 2408 cum,

476 2411 563 2437 etiam
575 2411 681 2437 amisso
696 2410 730 2436 ab
746 2411 782 2437 eis
797 2411 869 2436 vocis
887 2410 991 2445 officio,
1004 2418 1059 2444 per
1074 2410 1216 2438 {mucium

476 2446 584 2479 inteyri
599 2454 697 2472 sensus
712 2453 852 2479 quaerere
866 2446 1095 2480 comprobemur.

511 2481 527 2507 ⁹2
543 2481 660 2507 Caeciar.
677 2489 737 2507 cum
752 2481 785 2507 al.
807 2481 908 2515 aliqua
925 2481 1117 2514 «caritudine.

511 2517 527 2542 3
545 2527 555 2541 α
578 2516 617 2542 Ale
640 2516 726 2543 omitt.
745 2519 939 2550 paternorum
964 2526 987 2542 ι».
1009 2516 1135 2543 Ballerin.
1162 2515 1211 2543 col.

479 2552 545 2578 1176
560 2555 586 2578 et
606 2551 723 2578 Caeciae
745 2552 761 2578 Ι.
785 2560 807 2578 e.

511 2588 526 2613 t
544 2597 554 2612 ‹
566 2587 604 2613 ΑΙ.
617 2587 820 2622 dominirafirle.
830 2598 853 2612 ».
865 2586 959 2613 Ballcr.
973 2586 1122 2613 etCacciar.
1137 2586 1162 2613 ΙΙ.
1173 2594 1210 2613 ec.

510 2623 526 2648 5
546 2634 557 2646 «
578 2623 616 2649 ΛΙ.
638 2624 732 2657 frater
747 2623 917 2649 charissime
932 2633 956 2648 ».
977 2622 1101 2650 Ballerin.
1118 2622 1135 2648 l.
1153 2630 1175 2648 c.

997 223 1148 247 Arri-:Nam
1173 223 1338 248 nULLAnm
1358 224 1479 249 notit-&Ni

480 280 536 312 per
558 269 673 301 indicia
696 270 807 309 inin-„rvi
829 280 940 303 sensus
961 271 1133 314 postulant,
1150 282 1213 304 non
1247 283 1316 304 rum
1336 273 1443 305 turbas
1465 272 1645 305 fraternitas
1664 277 1715 304 tua
1735 277 1920 315 perpetrare
1942 271 1984 303 si-

479 329 613 363 negetur
626 322 644 355 ¹.
663 324 701 355 At
715 322 739 354 si
754 323 860 366 aliqua
879 323 906 355 vi
924 324 1134 365 aegritudinis
1150 324 1160 341 Ἰ
1174 325 1215 358 ita
1248 325 1388 365 gnificat,
1414 325 1553 369 Eutyche
1578 324 1677 367 impio
1699 335 1757 367 per
1775 325 1982 368 deceptorum

2021 220 2070 250 An.
2091 223 2120 250 C.
2135 222 2190 252 ⁴52
2227 248 2230 253 t

2044 285 2185 311 Eutychiana·
2225 279 2228 283 ⁴

2001 312 2185 338 rumscoloragra-
2223 310 2244 338 ,¹¹

2003 339 2054 358 riter
2069 338 2133 359 «tolet.
2234 342 2241 355 ι’

1250 379 1390 411 furorem
1412 379 1530 411 bellum
1550 377 1742 419 evangelicis
1754 382 1784 409 et
1801 377 1984 420 apostolicis
2220 365 2238 427 Ξ

1250 431 1542 474 praedicationilms
1567 430 1735 468 inserente,
1768 429 1986 472 retorquendo
2217 427 2241 471 ἂν

1251 485 1281 516 in
1303 484 1399 528 ipsius
1409 490 1436 517 et
1448 484 1608 516 sociorum
1620 483 1688 516 eius
1703 482 1833 515 exitium
1846 482 1876 515 ¹⁰.
1893 482 1987 521 Quod
2217 472 2244 524 ἃ,

1251 537 1322 570 ideo
1344 537 1491 569 dill'ertur
1511 547 1568 580 per
1585 535 1772 580 patientiam
1794 535 1861 575 Dei,
1878 541 1913 568 ut
1930 535 1989 567 ini-

1251 591 1340 623 micis
1361 591 1463 623 crucis
1483 590 1608 630 Christi,
1624 595 1779 633 quantuni
1800 589 1929 621 diabolo
1945 588 1990 621 sa·
2210 610 2222 622 η

1251 644 1423 684 mulentnr,
1447 648 1615 687 appareat:
1640 643 1716 676 dum
1737 642 1898 675 haeretica
1911 652 1986 685 pra·
2214 653 2238 683 j

1251 697 1329 730 vitas
1350 697 1517 740 antiquum
1531 697 1674 729 velamen
1689 707 1764 729 snae
1777 695 1990 728 simulationis

1252 751 1417 791 excedens,
1453 751 1535 783 intra
1570 750 1686 783 limites
1714 749 1890 794 hypocrisis
1914 759 1990 782 suae

1252 804 1415 838 continere
1432 815 1465 837 se
1486 804 1623 848 amplius
1643 814 1707 837 non
1733 808 1848 848 potest,
1872 808 1992 836 totum-

1252 870 1325 903 que,
1349 859 1436 903 quod
1458 859 1512 891 diu
1534 863 1665 899 texerat,
1683 858 1768 891 virus
1789 857 1911 898 effudit,
1927 867 1990 890 non

1252 913 1355 946 solum
1388 913 1460 945 stilo
1490 912 1521 945 in
1550 912 1724 956 discipulos
1751 910 1908 951 veritatis,
1935 910 1991 943 sed

1252 966 1348 999 etiam
1371 976 1466 998 manu
1483 965 1637 1006 saeviens,
1664 971 1700 998 ut
1723 975 1915 999 consensum
1936 971 1988 998 aut

1252 1018 1465 1063 simplicitatis
1486 1018 1644 1057 indoctae,
1669 1024 1723 1051 aut
1743 1019 1887 1062 trepidae
1915 1017 1990 1051 fidei

1252 1074 1407 1107 violenter
1427 1077 1624 1116 extorqueat.
1641 1072 1701 1105 Sed
1723 1081 1787 1104 non
1809 1071 1851 1104 ita
1873 1071 1991 1104 debent

1253 1126 1308 1158 filii
1330 1126 1408 1159 lucis
1426 1125 1508 1158 filios
1539 1130 1681 1158 metuere
1711 1125 1928 1163 tenebrarum,
1955 1129 1991 1157 ut

1252 1179 1319 1211 sani
1335 1178 1513 1211 furentibus
1524 1178 1738 1221 acquiescant,
1755 1183 1809 1210 aut
1823 1177 1991 1210 aestiment

1252 1231 1436 1264 huiusmodi
1461 1231 1647 1263 hominibus
1672 1230 1795 1274 aliquid
1819 1235 1987 1274 praestan-

1253 1286 1328 1318 dum
1350 1295 1418 1318 esse
1435 1284 1644 1317 reverentiae:
1669 1284 1723 1327 qui
1748 1283 1773 1316 si
1792 1283 1898 1327 perire
1923 1293 1990 1316 ma-

1252 1338 1332 1378 lunt,
1364 1348 1460 1381 quam
1492 1337 1702 1380 resipiscere,
1727 1336 1988 1380 prospiciendum

1253 1396 1299 1423 est
1318 1401 1358 1423 ne
1379 1390 1569 1434 impunitate
1589 1401 1645 1422 sua
1666 1389 1760 1422 latius
1783 1394 1931 1430 noceant,
1959 1393 1990 1422 et

1253 1444 1283 1476 in
1304 1444 1479 1476 multorum
1509 1442 1700 1486 perniciem,
1724 1443 1800 1475 dum
1826 1442 1881 1475 diu
1903 1442 1986 1475 tole-

1253 1503 1374 1537 rantur,
1399 1497 1576 1538 insurgant.

1296 1550 1367 1583 CAP.
1395 1550 1430 1582 ll.
1458 1549 1527 1582 Non
1548 1549 1672 1591 ignoro,
1689 1548 1766 1592 quid
1785 1547 1949 1581 charitatis
1961 1553 1991 1581 et

1252 1602 1372 1643 gratiae
1393 1601 1467 1634 filiis
1488 1602 1604 1634 nostris
1625 1601 1742 1635 sanctis
1760 1607 1789 1634 et
1806 1601 1888 1634 veris
1913 1610 1986 1633 mo-

1252 1655 1362 1688 nachis
1393 1655 1558 1695 debeatur,
1591 1655 1646 1698 qui
1679 1654 1886 1698 professionis
1914 1664 1990 1687 suae

1253 1708 1441 1741 modestiam
1460 1718 1524 1741 non
1545 1707 1745 1751 relinquunt,
1767 1712 1798 1740 et
1815 1707 1901 1751 quod
1915 1717 1991 1751 pro-

1252 1761 1356 1805 posito
1394 1766 1559 1800 voverunt,
1599 1761 1742 1794 moribus
1774 1766 1986 1804 exequuntur.

1252 1814 1388 1858 Superbi
1407 1820 1512 1847 autem
1535 1820 1565 1847 et
1590 1814 1735 1857 inquieti,
1759 1814 1813 1858 qui
1834 1814 1988 1847 sacerdo-

1253 1873 1320 1900 tum
1354 1873 1541 1911 contemptu
1569 1872 1600 1900 et
1635 1867 1760 1900 iniuriis
1796 1867 1986 1909 gloriantur,

1252 1931 1316 1954 non
1336 1921 1418 1954 servi
1437 1921 1565 1961 Christi,
1588 1921 1644 1954 sed
1664 1920 1851 1954 Antichristi
1874 1921 1990 1954 milites

1251 1981 1324 2009 sunt
1348 1975 1499 2016 habendi2
1529 1975 1732 2019 maximeque
1760 1975 1791 2007 i‘n
1822 1975 1887 2008 suis
1917 1981 1990 2008 sunt

1251 2028 1441 2072 praepositis
1478 2028 1680 2067 humiliandi,
1720 2028 1774 2072 qui
1806 2027 1989 2071 imperitam

1251 2081 1492 2115 multitudinem
1513 2082 1553 2114 ad
1571 2081 1790 2115 defensionem
1815 2091 1891 2114 suae
1917 2091 1990 2125 per-

1250 2135 1407 2168 versitatis
1427 2135 1590 2177 instigant.
1607 2135 1697 2169 Unde
1715 2145 1788 2168 cum
1809 2135 1990 2168 clementis-

1250 2188 1348 2221 simus
1369 2188 1520 2232 Princeps
1545 2194 1612 2221 toto
1637 2187 1778 2230 religiosi
1808 2188 1914 2221 cordis
1939 2188 1985 2220 as-

1250 2241 1334 2274 sectu
1355 2241 1545 2274 catholicam
1567 2242 1679 2284 diligat
1703 2241 1816 2282 fidem,
1844 2246 1875 2274 et
1900 2241 1985 2274 mut-

2018 547 2094 569 Eorum
2104 549 2188 570 exitium

2005 580 2042 600 per
2057 575 2095 595 Dei
2109 577 2189 599 nation-

2005 601 2055 622 tiam
2067 601 2162 623 ditatum.

2038 1343 2122 1365 interim
2143 1349 2190 1370 pro-
2214 1355 2216 1358 ·

2004 1370 2149 1397 spiciendum,
2163 1375 2189 1390 ne

2004 1397 2130 1423 impunitate
2151 1402 2190 1417 sua

2004 1424 2067 1445 tatius
2077 1425 2176 1444 noceant.

2040 1555 2102 1576 Veris
2117 1561 2189 1576 mona·
2210 1575 2212 1578 ,
2243 1543 2244 1547 ¹

2005 1582 2051 1603 chis
2066 1582 2134 1608 gratia
2153 1582 2189 1603 de·
2227 1586 2239 1604 ’ν

2005 1609 2073 1656 {ig-ur,
2088 1611 2108 1630 et
2122 1609 2190 1630 chari·
2235 1612 2237 1614 ·

2031 1928 2056 1949 At
2069 1928 2114 1949 salsi
2126 1928 2190 1949 vetuti
2226 1917 2235 1932 '¹

2005 1955 2125 1976 antichi-isti
2136 1955 2188 1984 mili:
2233 1971 2236 1983 ,

2005 1985 2037 2003 tes
2043 1981 2188 2002 sunthabendi

1284 2338 1300 2364 6
1322 2348 1333 2363 α
1350 2338 1387 2365 ΑΙ,
1404 2341 1556 2373 aenei-elur
1570 2350 1595 2365 ».
1618 2338 1742 2366 Ballerin.
1768 2338 1818 2365 loc.
1841 2338 1884 2365 cit.
1909 2338 1989 2365 Forte

1248 2374 1345 2401 mendo
1372 2374 1531 2409 typograpli.

1284 2410 1297 2436 7
1323 2420 1334 2433 «
1351 2410 1390 2436 At.
1412 2410 1588 2437 innotescant
1607 2420 1630 2436 n.
1656 2409 1782 2436 Ballerin.
1805 2409 1821 2435 l.
1843 2417 1866 2435 c.
1888 2409 1988 2445 Perpe-

1248 2453 1304 2471 ram
1321 2445 1353 2471 ad
1370 2453 1441 2471 sens.

1281 2481 1298 2506 8
1313 2481 1432 2507 Cacciar.
1442 2489 1500 2516 pag.
1515 2480 1566 2508 330
1581 2480 1711 2514 JVldus,
1725 2480 1759 2506 al.
1777 2479 1895 2507 ῙΙΙΚαῑ.
1907 2480 1984 2507 lunii.

1247 2515 1305 2542 Jaff.
1320 2524 1363 2550 op.
1383 2526 1405 2542 e.
1424 2516 1502 2542 nobis
1517 2517 1597 2543 favet.

1280 2551 1297 2576 0
1312 2550 1346 2577 Ex
1361 2551 1424 2578 edit.
1439 2551 1534 2578 Baller.
1548 2551 1656 2586 Opp.S.
1671 2551 1771 2577 Leonis
1785 2550 1984 2581 t.1,‹:01.1177.

1282 2588 1314 2612 tt)
1330 2586 1376 2613 llic
1392 2591 1485 2613 contra
1501 2586 1596 2613 Baiter.
1609 2590 1707 2613 textum
1720 2585 1918 2621 perspicuitatis
1926 2594 1987 2621 gra·
2196 2608 2199 2609 γ
2226 2618 2227 2623 ¹

1246 2621 1281 2648 tia
1298 2626 1426 2657 punctum
1442 2622 1622 2657 appingimus.
2184 2623 2201 2662 ⁵5³¹
