2244 3183
72 235 121 262 An.
138 233 166 261 C.
188 232 238 260 453

125 295 198 317 evenus
218 294 256 314 pa·
272 280 393 314 moriae
409 280 604 324 Theophilus
635 281 675 314 ad
703 281 880 323 Augustum
906 281 1010 314 Theo-

72 318 149 344 sensu}
162 328 173 342 a
189 321 258 341 Theo·
334 335 339 340 .
491 335 496 340 .
679 335 684 339 .
758 346 762 347 V

76 349 132 376 prmo
156 347 255 368 Alexand.
272 335 398 368 dosium
431 345 591 368 seniorem
623 335 768 368 scribens
799 345 857 378 per
882 339 1009 367 centum

73 376 202 422 Z‘fllissilissi?
217 373 256 420 ffin'
272 399 373 422 annos
397 400 413 421 a
439 389 544 433 primo
566 388 720 433 praedicti
748 387 903 432 principis
929 398 1008 421 cou-

72 428 177 449 ''⁴'*'²²''⁶¹'
270 443 376 476 sulatu
406 443 534 485 digessit
563 443 708 476 ordinem
736 442 816 479 festi,
847 441 937 475 euius
963 442 1010 474 in-

270 497 454 530 structionis
482 496 737 540 septuagesimus
766 500 900 539 quartus
926 506 1011 528 nunc

270 560 372 583 annus
407 550 573 589 evolvitur,
600 560 674 594 quo„
696 549 843 593 Opilione
865 549 1007 589 consule,

269 603 374 646 pridie
395 603 511 647 Aprilis
525 604 596 636 idus
610 603 769 636 celebrata
791 608 835 635 est
857 612 947 635 sacra
961 612 1010 635 so-

267 657 426 692 lemnitas:
452 658 535 690 unde
556 657 700 700 sequenti
723 667 808 689 anno
829 656 933 700 pridie
954 666 1011 688 no-

267 720 323 743 nas
346 710 461 754 Aprilis
480 712 591 744 eadem
612 710 762 743 festivitas
776 709 1011 743 rationabiliter

267 769 483 807 consequetur
504 764 522 797 ¹.
546 764 607 798 Sed
628 775 741 804 annus,
766 763 821 807 qui
843 763 904 797 erit
928 762 938 780 '²
963 773 1010 796 se-

266 818 488 860 ptuagesimus
516 824 643 856 sextus,
670 818 841 851 memorati
868 817 1008 862 episcopi

265 872 506 905 annotationem
526 872 644 905 habere
663 872 879 913 cognoscitur,
897 882 978 915 quae
993 882 1010 904 a

267 925 362 958 totius
383 925 582 969 antiquitatis
603 927 766 969 exemplo,
800 932 830 959 et
856 926 895 958 ab
921 925 1008 958 omni

265 978 394 1012 Patrum
419 979 612 1012 auctoritate
638 979 810 1012 discordat.
842 979 1007 1022 Siquidem

266 1031 296 1064 in
314 1037 462 1065 octavum
484 1032 697 1066 kalendarum
721 1032 878 1065 maiarum
905 1032 1008 1066 domi-

265 1085 372 1117 nicum
394 1085 514 1119 Pascha
529 1085 736 1127 transtulerit,
754 1085 941 1129 praefinitos
953 1097 1008 1119 an-

266 1138 398 1182 tiquitus
417 1139 428 1156 ³
448 1139 566 1173 limites
584 1140 680 1172 nimis
701 1139 866 1173 evidenter
883 1139 892 1156 ⁴
917 1150 1007 1173 exce-

263 1193 352 1233 dens,
374 1204 446 1226 eum
462 1193 494 1226 in
516 1193 568 1227 die
589 1193 833 1237 quintodecimo
854 1193 1026 1231 kalenda,

262 1256 334 1278 rum
357 1246 514 1280 maiarum
540 1247 724 1291 paschalem
751 1247 1002 1287 solemnitatem,

261 1299 343 1333 sicut
356 1300 593 1334 constituerunt
606 1296 670 1341 alii,
686 1300 825 1345 potuerit
836 1306 1003 1334 annotare.

261 1353 351 1387 Unde
372 1354 447 1398 quia
461 1365 524 1388 nou
541 1354 715 1388 mediocris
731 1354 808 1387 mihi
821 1355 1005 1388 sollicitudo
1022 1364 1024 1393 3

261 1414 445 1449 generatur,
473 1418 513 1441 ne
540 1409 625 1452 apud
647 1409 810 1454 [Egyptios
826 1409 906 1442 baec
931 1410 1024 1452 per-'

261 1461 368 1495 suasio
389 1462 563 1495 roboretur
582 1463 603 1499 ³,
633 1462 673 1495 ad
701 1462 1003 1495 christianissimum

261 1521 290 1548 et
310 1516 594 1550 clementissimum
617 1516 797 1560 principem
819 1516 938 1559 scripta
958 1516 1004 1549 di-

261 1569 325 1602 rexi
337 1570 361 1609 Β,
383 1569 500 1615 quibus
514 1581 658 1603 caussam
674 1570 817 1614 scrupuli
833 1569 1004 1612 diligenter

260 1622 403 1666 exposui,
425 1629 455 1656 et
475 1623 667 1667 suppliciter
686 1623 857 1667 postulavi,
874 1628 909 1656 ut
927 1634 1003 1668 ope-

260 1686 327 1708 ram
360 1687 450 1710 suam
467 1705 473 1717 ,
506 1677 783 1721 quemadmodum
815 1678 981 1711 consuevit
994 1706 1001 1718 ,

259 1729 422 1772 religionis
443 1731 542 1764 cultui
564 1731 735 1774 dignanter
755 1731 940 1775 impendat,
968 1737 1002 1764 ut

259 1793 323 1825 eos,
353 1785 407 1828 qui
435 1785 530 1818 huius
561 1785 798 1829 supputationis
825 1786 999 1830 perfectam

258 1837 407 1871 videntur
420 1838 539 1872 habere
557 1839 715 1880 notitiam,
731 1839 762 1872 in
777 1850 877 1873 unum
893 1839 1001 1873 iubeat

258 1891 429 1925 convenire
444 1897 474 1925 et
486 1892 658 1935 diligenter
671 1892 846 1936 inquirere:
864 1903 904 1926 ne
919 1893 1000 1927 forte

258 1944 337 1978 haee
358 1945 503 1979 definitio
525 1951 682 1985 teneatur,
710 1952 740 1979 et
766 1946 817 1979 hie
842 1957 1000 1985 excessus,

258 1997 312 2041 qui
330 1998 494 2043 prioribus
512 1999 638 2033 videtur
651 2010 832 2044 repugnare
847 2000 1000 2045 tempori-

71 1465 162 1486 Litterae
171 1465 197 1486 de
206 1466 246 1486 hoc

62 1492 89 1522 ad
112 1492 243 1513 Marcianum

62 1524 144 1539 nassae.

97 1945 172 1966 Leonis
192 1951 242 1971 erga

61 1970 99 1993 Pt’.
117 1974 194 2002 statuta
207 1973 242 1993 nti-

60 2002 169 2020 serrantia.

296 2108 302 2130 t
327 2120 333 2128 ·
354 2106 394 2133 ΑΙ.
412 2106 596 2142 consequitur
614 2116 636 2132 ι.
655 2106 779 2134 BaIIerin.
797 2107 814 2134 I.
830 2115 854 2135 c.

290 2151 306 2178 2
326 2162 338 2177 οι
349 2151 415 2179 Tres
430 2151 516 2178 vatic.
534 2151 613 2179 codd.
629 2152 681 2186 qui
696 2154 794 2180 erat».
807 2152 925 2180 Caeciar.
944 2153 961 2180 l.
973 2161 997 2180 c.

255 2191 323 2219 Sane
339 2199 371 2219 ex
388 2191 451 2219 vitio
466 2199 624 2219 amanuens.

290 2238 306 2264 3
326 2248 337 2263 ι
362 2238 402 2264 ΑΙ.
426 2237 503 2265 codd.
521 2237 707 2272 antiquitatis
724 2246 748 2265 ›.
764 2237 892 2266 Ballerin.
910 2239 928 2266 l.
940 2242 999 2266 eet

255 2277 371 2305 Caeciar.
388 2286 450 2314 pag.
463 2277 525 2305 370.

288 2319 306 2346 4
325 2319 445 2346 Caeciar.
463 2318 477 2345 l.
494 2326 517 2345 c.
534 2318 683 2346 audenter.
704 2318 786 2346 Forte
802 2320 865 2346 mel.
878 2319 911 2346 ad
928 2323 995 2347 orat.

254 2363 419 2388 contextum.

288 2406 305 2433 5
325 2416 335 2429 a
352 2404 390 2431 ΑΙ,
406 2405 615 2439 probaretur».
633 2404 762 2431 Ballerin.
780 2405 797 2432 l.
816 2413 839 2432 c.
856 2404 933 2432 Forte
943 2413 998 2433 me-

254 2444 305 2472 lius
316 2453 343 2471 n.
360 2445 451 2472 lectio.

289 2489 305 2516 6
322 2499 334 2516 c
349 2490 408 2517 Duo
432 2490 504 2516 Vatt.
521 2489 681 2517 direximus
696 2499 718 2516 a.
736 2489 853 2517 Caceiar.
871 2489 888 2517 l.
907 2498 930 2517 e.
949 2489 996 2517 Hie

254 2533 343 2557 autem
367 2529 490 2557 innuitur
513 2529 678 2565 praecedens
700 2529 732 2556 ad
754 2530 919 2557 Marcianum
936 2530 995 2566 epi-

254 2569 329 2597 stola>

289 2610 304 2636 7
322 2619 334 2635 «
357 2609 414 2637 Vei.
440 2610 506 2637 edit.
527 2610 710 2638 serenitatem

256 2649 332 2678 1233.
351 2649 504 2685 Pei-peram.

735 2623 758 2637 ι.
786 2610 912 2637 Ballerin.
942 2610 992 2637 col.

928 233 953 256 S.
977 232 1033 256 LEO
1055 233 1064 256 t
1086 234 1131 256 t‘t’.

1689 222 1753 255 125

1027 285 1029 297 ⁸
1046 282 1115 322 bus,
1131 287 1258 315 nostrae
1272 281 1493 316 conniventiae
1512 282 1558 315 vel
1574 281 1787 324 negligentiae

1047 335 1228 377 deputetur,
1247 341 1276 367 et
1294 335 1347 368 liat
1369 336 1399 368 iu
1421 335 1538 369 uostris
1552 335 1676 371 diebus,
1701 336 1788 379 quod

1047 398 1224 432 numquam
1258 395 1330 421 ante.
1356 396 1598 433 praesumptum
1623 394 1679 422 est.
1709 390 1787 428 Quia

1046 451 1120 473 vero
1142 448 1268 485 oportet
1297 443 1528 476 fraternitatem
1549 443 1558 458 ⁷
1579 449 1665 475 tuam
1692 454 1788 476 curae
1837 453 1989 490 Ar11-1b11r3w2r

1047 493 1136 526 istius
1152 505 1276 528 mecum
1300 506 1366 528 esse
1387 496 1589 540 participem.
1608 502 1637 529 et
1652 507 1691 529 ne
1710 497 1786 540 quid
1802 484 1989 535 ssss'nissssfffiiin'iij

1027 547 1108 583 jtale
1129 548 1263 585 accidat,
1299 559 1502 592 praecavere,
1537 550 1682 583 crebrius
1712 532 1988 584 1'eli-i‘31iiiiiiii1'inii'r21:

1027 592 1029 608 ⁸
1046 598 1227 640 glosissimo
1249 605 1279 632 et
1300 600 1486 633 fidelissimo
1501 601 1636 644 principi
1654 601 1787 643 dignare
1802 584 1911 605 medani

1045 660 1229 692 suggerere,
1264 657 1295 683 ut
1328 651 1602 685 indissimulanter
1625 653 1787 697 ΔΕςξρῑίος

1046 703 1151 736 iubeat
1168 704 1347 742 admoneri,
1359 715 1397 738 ne
1411 705 1439 737 in
1453 716 1598 739 summae
1611 706 1787 740 festivitatis

1026 757 1028 763 ’
1045 756 1096 789 die
1114 763 1166 789 aut
1194 757 1393 791 dissensione
1414 759 1533 802 aliqua,
1554 766 1609 793 aut
1627 766 1787 802 trangres-

1044 810 1133 843 sione
1160 817 1321 853 percetur.
1346 812 1508 855 Quidquid
1530 818 1635 845 autem
1663 813 1702 846 de
1728 813 1785 847 hac
1802 821 1986 868 51,-⁰¹¹¹⁴,¹-⁴{‘³¹¹'⁰

1044 874 1077 895 re
1099 864 1285 906 diligentior
1305 865 1488 898 sollicitudo
1511 867 1665 909 repererit
1679 867 1699 904 ⁸,
1722 867 1785 900 cito
1800 854 1987 921 ffissffissffifff‘ig:

1043 917 1083 950 ad
1102 918 1248 951 notitiam
1278 930 1382 952 meam
1406 920 1657 962 gloriosissimus
1682 921 1784 965 impe·
1912 918 1916 922 ”

1043 977 1131 1004 rator
1151 971 1259 1005 iubeat
1279 973 1457 1016 pervenire:
1480 974 1557 1018 quia
1571 980 1601 1007 et
1615 975 1654 1007 ad
1672 975 1782 1018 ipsius,
1801 980 1987 1028 ssessmsslffgirffij

1043 1028 1073 1056 et
1094 1024 1133 1057 ad
1159 1025 1304 1058 omnium
1330 1027 1465 1059 salutem
1488 1027 1642 1070 pertinet,
1672 1034 1707 1060 ut
1730 1028 1783 1061 Dei
1800 1023 1897 1080 {ggd'fflss
1915 1039 1985 1055 “¹0¹³

1043 1078 1146 1111 cultus
1166 1079 1256 1112 nullo
1275 1090 1385 1113 errore
1407 1080 1562 1113 laedatur.
1901 1076 1904 1080 ⁴

1084 1130 1165 1165 Data
1182 1143 1246 1166 xru
1259 1133 1414 1166 kalendas
1427 1133 1438 1150 ⁹
1450 1133 1534 1175 Iulii,
1551 1134 1700 1178 Opilione
1716 1135 1784 1168 viro

1023 1196 1025 1219 ι
1042 1184 1221 1219 clarissimo
1243 1188 1386 1220 consule.

1078 1246 1135 1274 Dat.
1152 1249 1196 1275 die
1210 1250 1240 1276 15
1256 1249 1336 1282 lunii,
1353 1258 1396 1277 an.
1412 1250 1473 1277 453.

1819 232 1868 258 An.
1884 232 1911 259 C.
1934 231 1983 260 453

1218 1430 1405 1464 EPISTULA
1431 1432 1563 1466 LXXXII
1579 1431 1609 1465 ¹⁰.

1040 1531 1216 1565 Eustocfam
1238 1533 1425 1571 obtestatur,
1449 1539 1485 1566 ut
1506 1545 1571 1578 qua
1592 1535 1693 1578 pollet
1721 1547 1779 1568 au-

1082 1591 1229 1624 ctoritate
1248 1591 1456 1625 Palaestinos
1476 1594 1648 1626 monachos
1662 1594 1698 1626 in
1717 1605 1781 1626 nee-

1083 1649 1196 1682 liorem
1220 1654 1358 1683 mentem
1384 1651 1546 1690 retrahat,
1575 1663 1612 1684 ac
1637 1652 1675 1684 de
1701 1654 1780 1696 ipsis

1082 1708 1245 1743 rescribat.

1071 1809 1127 1836 Leo
1150 1809 1314 1844 Episcopus
1332 1809 1355 1829 11
1373 1810 1519 1838 Eudociae
1538 1810 1563 1830 Η
1578 1811 1741 1846 Augustae.

1080 1889 1152 1924 Cap.
1177 1891 1198 1924 I.
1224 1890 1346 1929 Quanta
1361 1891 1438 1924 mihi
1454 1891 1630 1924 catholicae
1645 1902 1721 1924 cura
1738 1892 1775 1924 sit
1792 1900 1979 1951 nigoss'ssgtafipcess:

1035 1943 1121 1982 fidei,
1139 1950 1167 1978 et
1182 1955 1245 1988 qua
1258 1945 1485 1983 sollicitudine,
1501 1946 1702 1989 inquantum
1718 1946 1777 1979 Do·
1791 1952 1910 2000 {iifuffirisu
1922 1954 1977 1974 ⁵0¹1?-

1035 1997 1140 2031 minus
1160 1998 1300 2040 adiuvat,
1324 1999 1460 2033 debeam
1482 2010 1674 2043 praecavere
1688 1999 1717 2041 ¹³,
1737 2009 1775 2033 ne

1068 2105 1084 2133 8
1103 2117 1115 2130 α
1131 2107 1194 2133 Ant.
1212 2106 1276 2134 edit.
1294 2107 1459 2141 diliqentius
1480 2107 1652 2141 investigare
1671 2108 1775 2135 sollici—

1032 2151 1100 2178 caclo
1116 2154 1175 2186 tna,
1193 2152 1227 2178 al,
1246 2154 1347 2185 vestra,
1360 2151 1527 2186 potuerit».
1546 2151 1672 2178 Ballerin.
1690 2152 1706 2178 t.
1724 2160 1747 2178 c.

1067 2196 1083 2223 9
1099 2196 1218 2223 Cacciar.
1232 2204 1292 2222 eum
1316 2196 1386 2231 plur.
1404 2204 1467 2223 mss.
1485 2199 1511 2223 et
1531 2196 1597 2223 edit.
1622 2196 1691 2225 XVI
1714 2196 1774 2223 Ka-

1033 2237 1137 2264 lendas.
1156 2236 1222 2263 Jaffe
1238 2245 1282 2272 op.
1301 2245 1324 2263 c.
1342 2236 1420 2263 nobis
1435 2236 1574 2264 adhaeret.

1069 2277 1102 2303 10
1121 2277 1157 2303 Ex
1180 2277 1244 2304 edit.
1266 2277 1391 2304 Ballerin.
1410 2277 1479 2312 Opp.
1504 2278 1532 2304 S.
1549 2278 1650 2304 Leonis
1671 2281 1733 2304 tom.
1757 2284 1773 2309 t,

1033 2317 1084 2344 col.
1108 2318 1184 2345 123t.

1069 2359 1096 2384 11
1125 2371 1135 2382 u
1162 2358 1217 2385 Duo
1238 2359 1309 2385 Vati.
1331 2358 1421 2385 delent
1436 2358 1592 2393 Episcopus
1610 2368 1632 2385 ».
1655 2359 1773 2387 Cacciar.

1033 2399 1099 2434 Opp.
1122 2399 1151 2426 S.
1178 2399 1277 2425 Leonis
1297 2402 1365 2434 part.
1386 2407 1415 2432 11,
1440 2407 1500 2434 pag.
1516 2400 1577 2426 370.

1068 2443 1100 2470 12
1119 2454 1131 2468 α
1151 2443 1191 2470 At.
1206 2444 1244 2470 ad
1261 2443 1405 2470 Liciniam
1422 2444 1612 2471 Eustochium.
1635 2444 1769 2475 Quesnelt.

1031 2484 1067 2510 ad
1086 2484 1230 2511 Liciniam
1246 2484 1424 2518 Eudoaetam,
1441 2484 1488 2510 sed
1501 2492 1654 2519 perperam,
1672 2484 1771 2520 quippe

1030 2523 1149 2550 Eudoxi-‘1
1160 2524 1352 2557 Valentiniani,
1369 2532 1422 2551 non
1434 2524 1579 2552 Theodosii
1597 2533 1662 2551 uxor
1676 2525 1725 2550 fuit
1744 2535 1770 2551 υ.

1031 2563 1154 2591 Ballerin.
1172 2564 1189 2590 l.
1207 2573 1230 2591 c.

1065 2604 1098 2631 13
1119 2615 1129 2628 «ι
1152 2604 1190 2631 At.
1207 2605 1305 2632 debeat
1317 2606 1506 2640 praecaveri»
1523 2605 1647 2632 Balleriu.
1665 2610 1690 2632 et
1705 2605 1770 2644 Cac-

1011 2663 1014 2683 t
1029 2650 1094 2677 ciar.
1114 2650 1142 2676 ll.
1159 2658 1198 2676 ce.
1220 2649 1287 2676 Sane
1302 2649 1396 2676 metius
1411 2650 1444 2676 ad
1459 2653 1611 2677 contextum
1628 2658 1653 2675 n.
1676 2649 1766 2676 lectio.
