2244 3183
241 253 291 282 An.
315 254 343 281 C,
358 253 404 282 521

280 691 345 710 tetus
361 696 420 710 amor

236 717 286 736 solis
311 717 420 743 ohsequiis

235 748 275 763 non
292 746 360 764 vacat.

244 1225 359 1246 Sacrarum
370 1222 416 1244 Vir-

232 1258 302 1275 gtnum
311 1252 415 1271 monaste-

231 1284 284 1298 rinm
300 1283 373 1298 recens
385 1277 415 1297 in-

230 1307 326 1352 itttutuni
337 1304 416 1330 adpro-

246 1334 274 1355 al,

474 242 538 276 432

948 251 1111 275 ΑΡΡΕΝΜΧ
1133 249 1283 273 BULLARH
1305 249 1427 275 nonant

440 313 499 347 per
520 301 716 336 adiunxeris.
741 301 794 334 Est
823 299 879 334 tibi
904 299 991 334 fideli
1014 310 1091 332 cura
1112 308 1184 342 spe·
1218 309 1302 339 rum,
1320 298 1351 331 in
1373 298 1536 333 antedicto
1553 300 1750 334 monasterio
1767 301 1881 336 audeat
1896 303 1958 337 sibi

440 357 530 390 cialis
555 356 671 389 infixus
696 354 898 399 propositus;
933 359 963 387 et
985 353 1070 386 unde
1096 363 1183 386 ama·
1217 357 1409 395 potestatem
1442 352 1583 397 aliquam
1615 354 1744 398 penitus
1779 355 1956 397 vindicare,

439 409 513 442 bilis
537 409 601 442 Deo
637 407 807 452 propheta,
842 417 915 440 eum
949 406 1089 439 diceret:
1116 406 1182 449 Eyo
1216 406 1277 439 nisi
1303 412 1446 449 tantum,
1465 418 1524 451 pro
1545 408 1598 441 Dei
1622 407 1738 442 intuitu
1760 410 1959 453 pastoralem

437 473 562 505 semper
582 463 617 495 in
640 466 668 494 le
686 461 827 505 sperari,
851 461 1001 500 Domine,
1029 459 1178 493 devotio·
1215 460 1468 495 sollicitudinem
1496 472 1623 504 gerens,
1658 463 1814 496 familiam
1844 463 1961 498 Christi

437 526 509 550 nem
536 516 618 549 hanc
649 515 709 549 sihi
743 525 808 549 non
841 515 976 549 credens
1004 514 1179 555 suffecisse,

436 570 616 603 subiunxit:
655 569 695 602 Ec
731 568 889 602 (afficiam
923 578 1021 612 super
1056 577 1179 600 omnem

437 623 566 656 laudem
592 628 681 656 tuam
699 622 719 655 ¹.
743 623 844 656 Amor
863 632 958 656 verus
978 631 1043 655 non
1065 626 1110 654 est
1131 630 1183 654 so-

437 677 512 710 litus
547 687 615 710 esse
654 681 827 710 contentus
853 675 1034 720 obsequiis:
1066 680 1097 709 et
1128 675 1183 708 de-

436 733 554 765 sectum
585 731 634 765 sui
663 731 803 765 charitas
835 736 949 774 putat,
985 729 1046 763 nisi
1077 729 1184 762 servor

435 785 620 819 dilectionis
638 790 813 819 exaestuet.
836 784 951 818 Videat
976 784 1053 817 lieet
1070 782 1182 816 inhae-

434 845 559 873 rentem
581 839 786 883 praecordiis
799 838 910 879 sidem,
927 843 961 871 ut
976 843 1178 871 secretorum

433 893 619 937 speculator
644 899 675 927 et
695 892 845 936 cognitor
864 893 959 934 Deus,
983 902 1049 926 nou
1070 897 1179 925 tamen

433 947 711 992 dispensationem
733 958 823 981 suam
843 947 965 991 patitur
985 946 1101 987 occuli,
1126 952 1179 979 aut

433 1002 622 1035 thesaurum
643 1012 739 1035 suum
761 1001 843 1035 citra
863 1001 1103 1035 incrementum
1126 1010 1179 1034 ce—

432 1054 512 1095 lari;
537 1055 626 1089 iubet
657 1056 799 1089 cultores
819 1065 895 1089 suos
915 1065 1068 1089 arcanam
1090 1064 1180 1087 reve-

431 1109 570 1142 rentiam
597 1109 629 1142 in
651 1115 764 1153 aperto
784 1109 980 1154 producere,
1002 1115 1032 1142 et
1049 1109 1177 1141 laudem

430 1163 931 1206 suampersonantiexultatione
942 1162 1178 1196 eantare.llaec

432 1216 504 1250 ideo
523 1217 544 1257 ²,
566 1217 641 1261 quia
659 1217 691 1250 in
712 1217 891 1250 Arelatensi
912 1215 1058 1257 ecclesia,
1082 1226 1180 1260 super

431 1269 624 1304 elericorum
640 1275 669 1303 et
684 1270 920 1303 monachorum
936 1268 1088 1302 excubias
1100 1278 1178 1302 con-

429 1329 556 1363 suetas,
591 1324 777 1368 puellarum
810 1334 943 1368 quoque
967 1322 1022 1357 Dei
1051 1323 1179 1357 noviter

430 1377 548 1411 choros
563 1377 741 1411 instituisse
761 1382 792 1411 te
813 1376 1074 1411 directislitteris
1095 1377 1178 1410 indi-

429 1431 526 1473 casti,
554 1442 691 1475 poscens
716 1431 799 1465 utin
824 1431 972 1476 praefato
992 1431 1176 1475 puellarum

428 1485 626 1519 monasterio
655 1495 673 1518 a
698 1490 728 1519 te
756 1495 862 1529 nuper
891 1485 1024 1519 condito
1053 1485 1175 1518 nullam

427 1543 619 1581 potestatem
633 1549 838 1573 successores
850 1539 1048 1583 quandoque
1063 1538 1106 1572 tui
1122 1538 1177 1572 ha-

427 1591 506 1625 bere
526 1591 656 1636 penitus
673 1592 924 1636 permittanturj,
948 1598 1107 1636 quatenus
1124 1602 1175 1625 sa-

428 1651 536 1679 cratae
553 1646 618 1679 Deo
631 1646 771 1689 virgines
789 1646 828 1680 ab
843 1646 931 1680 omni
950 1646 1175 1691 inquietudine

427 1700 475 1732 vel
497 1699 646 1733 molestia
673 1700 841 1734 absolutae
867 1699 1084 1744 omnipotenti
1111 1700 1175 1733 Deo

427 1752 538 1787 liberis
551 1753 714 1788 mentibus
731 1754 859 1788 valeant
876 1753 995 1797 iugiter
1008 1754 1158 1787 famulari
1165 1782 1170 1787 .

471 1807 574 1850 Digna
598 1807 805 1851 providentia
833 1807 1092 1842 sacerdotalibus
1127 1807 1173 1841 in-

426 1859 558 1901 stitutis,
582 1860 621 1894 ad
639 1860 831 1905 pudicitiam
853 1860 1091 1894 decantandam
1107 1861 1173 1894 Deo

427 1913 528 1946 corda
553 1923 786 1958 compungere,
822 1919 850 1947 et
885 1924 978 1947 sacro
1007 1913 1107 1947 cultui
1134 1914 1173 1947 de

427 1966 489 1999 illis
513 1966 692 2000 seminibus
713 1967 855 2011 mysticis
876 1968 1015 2000 fructum
1039 1966 1171 2009 virgini-

428 2020 498 2054 tatis
530 2021 660 2054 offerre
693 2021 759 2054 lloc
781 2030 848 2055 esse
874 2031 1036 2055 summum
1060 2026 1169 2054 votum

425 2085 519 2108 suum
546 2075 579 2108 in
612 2074 674 2108 illis
695 2075 915 2108 voluminibus
936 2074 1036 2109 saeris
1057 2075 1167 2109 deela-

425 2129 506 2162 ravit.
536 2129 711 2172 Apostolus
737 2129 865 2162 dicens:
900 2130 1098 2173 Desponsavi
1121 2141 1170 2162 ms

425 2183 565 2215 univiro
586 2183 750 2225 't't'rgle'ttem
771 2186 891 2215 castam
910 2183 1061 2215 &hibere
1076 2184 1170 2217 Cleri-

424 2236 511 2269 slo³.
540 2236 759 2275 Quamobrem
783 2236 996 2280 petitionibus
1017 2237 1169 2270 fraterni-

426 2290 498 2323 tatis
520 2295 592 2323 tuae
619 2296 800 2324 annuentes
821 2289 999 2334 apostolica
1028 2290 1170 2324 auctori-

425 2348 489 2376 tate
510 2342 678 2377 firmamus
696 2354 732 2377 ac
750 2343 959 2377 decernimus
975 2371 981 2381 ,
1004 2349 1037 2377 ut
1060 2343 1169 2378 nullus

425 2397 666 2441 episcoporum,
694 2406 919 2431 successorum
941 2408 1072 2442 quoque
1092 2404 1165 2432 tuo-

461 2495 471 2522 1
492 2494 592 2523 Psalm.
613 2501 673 2528 Lxx,
690 2495 721 2522 14
733 2516 739 2528 ‚
756 2495 803 2522 ubi
816 2495 894 2532 Yulg.
920 2496 972 2524 ait:
991 2496 1052 2532 qu
1068 2499 1168 2526 aulem

423 2548 535 2576 semper
548 2540 668 2576 sperabo
687 2543 713 2569 et
727 2540 866 2568 utti'z'ciam
882 2561 936 2568 .....

459 2586 475 2611 2
495 2585 595 2621 Supple
615 2585 748 2613 dicimus.

459 2630 475 2656 3
491 2630 513 2657 tl
527 2630 648 2658 Corinth.
664 2638 702 2663 xi,
718 2631 744 2658 2.

460 2676 475 2701 4
495 2674 596 2703 «Forte
611 2675 774 2704 inhibemus
787 2683 811 2704 v.
831 2674 916 2704 Maur⁷
933 2674 1000 2703 ibid.
1017 2675 1050 2703 ad
1067 2675 1133 2703 calc.

1217 513 1344 547 Domini
1377 514 1498 548 ibidem
1531 516 1670 559 positam
1704 516 1857 559 congruis
1883 517 1958 561 qui—

1216 566 1340 612 busque
1370 568 1573 612 temporibus
1601 569 1702 613 (iuxta
1728 570 1816 614 quod
1835 571 1958 604 conde-

1216 621 1280 665 cet)
1301 621 1427 656 sincero
1448 622 1558 656 animo
1576 634 1649 657 cum
1664 623 1729 658 suis
1749 624 1876 658 clericis
1889 631 1959 658 stu-

1216 674 1446 709 deatvisitare.
1469 676 1549 709 Tum
1572 677 1713 721 denique
1731 688 1873 722 aequum
1896 685 1956 719 est,

1215 733 1251 761 ut
1272 728 1368 772 parili
1389 729 1561 764 devotione
1592 736 1730 775 uterque
1761 742 1855 765 sexus
1883 732 1962 766 locis

1215 781 1277 815 sibi
1291 782 1445 824 congruis
1463 783 1641 817 consistens
1662 784 1718 818 Dei
1732 785 1869 827 gloriam
1885 796 1962 819 con-

1215 834 1313 877 cinat,
1340 835 1423 869 sieut
1443 835 1549 870 stabili
1570 843 1667 881 atque
1687 837 1876 882 plenissima
1896 838 1960 872 side

1215 893 1352 933 uterque
1375 900 1465 934 spem
1487 890 1722 935 redemptionis
1740 898 1896 937 expectat.

1260 942 1352 982 Quod
1367 949 1474 977 autem
1502 945 1723 979 venditionem
1750 946 1789 979 ad
1811 946 1960 980 dilectio-

1215 1007 1288 1030 nem
1317 1003 1416 1038 tuam‚
1441 998 1718 1043 donationemque
1742 999 1774 1033 in
1796 1007 1959 1035 monaste-

1214 1050 1261 1084 rio
1288 1052 1477 1085 earumdem
1503 1054 1684 1096 puellarum
1714 1053 1769 1087 Dei
1791 1060 1884 1088 antea
1912 1057 1959 1089 sa-

1213 1109 1297 1137 etam
1309 1110 1418 1138 nostra
1431 1106 1574 1149 postulas
1586 1107 1778 1141 auctoritate
1792 1107 1954 1150 roborari,

1212 1167 1346 1201 sperans
1361 1185 1368 1197 ,
1406 1164 1441 1191 ut
1477 1159 1769 1192 ecclesiasticorum
1803 1160 1957 1195 alienatio

1213 1211 1424 1255 praediorum
1449 1223 1515 1246 non
1543 1220 1770 1257 praesumatur
1794 1214 1825 1248 in
1850 1221 1958 1260 poste-

1214 1276 1284 1299 rum
1316 1266 1434 1300 nostris
1459 1266 1630 1301 interdicta
1659 1268 1812 1307 decretis;
1839 1270 1958 1314 prober

1213 1330 1284 1354 mus
1309 1320 1513 1364 propositum
1535 1327 1636 1363 tuum,
1657 1327 1684 1355 et
1708 1323 1904 1357 desiderium
1924 1324 1956 1357 in

1214 1379 1338 1407 tantum
1366 1375 1506 1408 fatemur
1531 1385 1599 1408 esse
1623 1375 1800 1418 laudabile,
1823 1382 1858 1410 ut
1878 1387 1957 1420 gau-

1211 1427 1346 1461 deamus
1371 1428 1463 1462 vohis
1484 1438 1614 1473 quoque
1632 1429 1744 1463 eadem
1763 1439 1828 1463 non
1842 1429 1952 1464 licere.

1210 1481 1273 1515 Sed
1298 1492 1363 1516 non
1385 1482 1531 1526 oportuit
1556 1482 1710 1524 distrahi,
1742 1483 1830 1527 quod
1847 1483 1956 1518 Eccle-

1210 1535 1275 1568 siae
1295 1535 1463 1569 servituris
1477 1536 1516 1569 de
1530 1536 1690 1570 Ecclesiae
1710 1536 1888 1571 substantia
1906 1547 1955 1571 ra-

1212 1589 1255 1621 tio
1280 1589 1437 1622 suadebat
1462 1599 1595 1633 prorsus
1621 1589 1786 1633 emptione
1804 1591 1950 1625 concedi.

1210 1642 1287 1677 Boni
1321 1643 1428 1687 operis
1454 1643 1594 1676 fructum
1622 1643 1714 1677 decet
1739 1654 1808 1678 esse
1832 1644 1954 1687 gratui-

1211 1703 1290 1730 tum.
1319 1697 1525 1741 Expectanda
1551 1703 1599 1730 est
1615 1697 1693 1731 recti
1711 1698 1809 1732 studii
1830 1708 1954 1732 merces

1209 1751 1327 1795 potius,
1344 1761 1440 1795 quam
1463 1751 1614 1794 petenda,
1639 1761 1679 1784 ne
1699 1762 1758 1795 per
1780 1751 1951 1785 utilitatem

1208 1804 1403 1838 venditionis
1413 1804 1626 1838 imminuatur
1639 1804 1861 1839 remuneratio
1874 1805 1951 1839 cha-

1209 1857 1323 1890 ritatis.
1339 1857 1579 1891 Confirmamus
1601 1863 1707 1891 tamen
1729 1858 1815 1892 circa
1835 1868 1951 1892 mona-

1207 1912 1341 1945 sterium
1371 1911 1532 1954 virginum
1555 1923 1571 1945 a
1592 1912 1682 1946 robis
1702 1913 1750 1947 vel
1771 1912 1948 1954 venditum,

1206 1966 1253 2000 vel
1286 1966 1460 2007 donatum,
1485 1971 1515 1999 et.
1535 1965 1595 1999 sub
1617 1966 1729 2000 eadem
1757 1965 1805 2000 via
1824 1966 1948 2000 aliena-

1208 2020 1326 2053 tionem
1346 2018 1636 2053 eeelesiasticorum
1659 2019 1868 2064 praediorum
1890 2019 1948 2054 de-

1206 2073 1302 2107 cretis
1334 2073 1559 2118 praesentibus
1591 2073 1780 2107 exhibemus
1804 2073 1832 2113 ⁴3
1863 2073 1949 2117 quod

1205 2139 1262 2172 per
1287 2128 1472 2161 sacerdotes
1493 2137 1606 2161 omnes
1635 2127 1675 2161 ad
1701 2126 1869 2161 eharitatis
1897 2137 1950 2160 ve-

1204 2187 1288 2215 strae
1320 2181 1495 2215 dioecesim
1526 2181 1725 2225 pertinentes
1755 2181 1814 2215 sub
1846 2186 1950 2215 vestra

1205 2235 1415 2280 dispositione
1435 2236 1594 2279 perferte:
1619 2245 1760 2280 aequum
1782 2240 1829 2268 est
1849 2234 1946 2276 enim,

1204 2294 1238 2322 ut
1270 2299 1352 2332 quae
1372 2289 1545 2323 salubriter
1566 2289 1769 2330 ordinantur,
1791 2288 1950 2332 generali-

1205 2348 1252 2376 ter
1279 2342 1444 2376 obediant.
1468 2343 1551 2376 lleus
1573 2349 1601 2377 te
1621 2343 1817 2377 ineolumem
1841 2348 1948 2376 custo-

1203 2396 1280 2437 diat,
1302 2398 1400 2430 l'rater
1421 2396 1622 2431 carissime-*u

1236 2496 1253 2524 5
1270 2496 1318 2523 llic
1332 2496 1403 2532 apud
1419 2495 1540 2524 Bolland.
1556 2499 1659 2532 septem
1680 2495 1800 2531 episcop.
1817 2493 1887 2522 Gall.
1903 2494 1945 2521 in-

1201 2540 1362 2577 scriptiones
1385 2544 1535 2577 sequuntur
1548 2562 1554 2574 ‚
1580 2548 1649 2576 quae
1673 2539 1763 2576 potius
1778 2538 1811 2566 ad
1827 2537 1945 2566 Caesarii

1201 2586 1332 2622 regulam,
1348 2593 1429 2621 quam
1444 2585 1477 2613 ad
1497 2584 1566 2613 hanc
1582 2592 1624 2620 ep.
1642 2587 1774 2620 spectant.
1796 2583 1855 2610 Vid.
1873 2582 1942 2611 nau·

1202 2630 1253 2658 rin.
1268 2629 1334 2658 ibid.
1353 2630 1385 2657 ad
1401 2634 1455 2658 not.
1473 2630 1497 2658 3.

1993 254 2042 282 An.
2059 255 2088 283 C.
2110 252 2158 284 5⁶2¹

2013 423 2035 454 ln
2051 430 2093 451 quo
2109 425 2162 448 Cae·

1975 455 2025 471 sarii
2049 457 2161 474 suecesso-

1976 477 2162 505 ritinsteinporalis

1976 505 2072 528 potestas
2096 507 2160 528 inter-

1977 530 2042 552 dicta.

1987 1117 2044 1139 [lona
2053 1121 2159 1140 monaste-

1973 1150 2004 1164 rio
2015 1145 2094 1166 tributa
2106 1151 2157 1168 con-

1974 1171 2048 1194 tii-mat.

1986 2130 2053 2161 quue
2063 2131 2149 2162 dioece-

1964 2163 2021 2178 sanis
2042 2160 2149 2186 episcopis

1965 2184 2148 2208 manifestandum.
