2244 3183
89 251 136 278 An.
155 251 184 277 C.
205 250 259 278 483

119 1484 142 1506 B.
156 1485 212 1505 l'etri
227 1491 276 1505 con-

91 1512 155 1532 sessio
165 1512 276 1532 Ecclesiae

91 1539 256 1560 tundamentum.

899 251 923 274 S.
949 252 1128 275 SlMPLICIUS
1147 253 1191 275 PP.

1712 242 1775 275 233

291 309 405 339 essem,
428 298 577 341 benignis
597 298 729 331 auribus
752 298 811 331 tuis
832 304 868 331 ut
885 298 1034 331 christia·
1071 300 1125 343 qui
1144 299 1229 333 Petri
1246 300 1377 333 dextera
1387 300 1557 344 episcopus
1573 300 1741 333 ordinatus
1755 306 1812 341 est,

290 352 441 385 nissimus
462 352 653 396 imperator;
677 358 707 385 et
727 363 932 396 nequaquam
951 352 1037 384 arbi-

291 411 393 438 tretur
414 405 516 449 pictas
534 412 608 445 tua,
633 406 723 438 illum
743 416 825 449 puro
849 416 908 439 nos
939 406 1036 438 corde

289 459 439 501 diligere,
472 460 669 504 quicumque
692 466 720 494 10
740 470 852 503 pacem
875 471 949 492 cum
970 460 1035 492 Deo

289 512 409 546 habere
436 524 500 546 non
528 514 595 546 vult
618 513 636 547 ¹.
661 514 819 553 Quoniam
845 523 920 546 vero
946 513 1034 545 fideli

289 572 396 599 mente
417 567 592 606 credidisti,
619 578 677 600 1100
698 567 834 609 ambigis
858 572 890 599 et
910 572 1035 609 tempo-

289 620 366 653 ralis
394 620 465 653 solii
492 626 700 664 potestatem,
732 627 762 654 et
782 626 931 653 aeternae
953 619 1035 652 vitae

288 673 536 706 retributionem
557 685 698 718 superno
720 685 756 707 ex
777 681 943 707 momento
957 684 1035 717 pen-

289 726 381 760 dere.
403 738 461 770 per
481 733 623 760 nostram
646 728 743 760 etiam
768 728 959 771 parvitatem
981 727 1031 760 di-

288 790 387 819 gnare
408 781 571 824 suscipere
584 781 812 821 venerabilem,
837 792 873 814 ac
894 781 1033 814 divinam

289 833 463 866 beatissimi
485 834 570 867 Petri
592 835 840 876 consessionem,
864 836 1031 879 apostolo·-

289 896 360 918 rum
390 887 512 920 scilicet
536 888 704 931 principis,
729 889 779 921 cui
801 894 831 921 et
854 889 944 930 regni
965 889 1032 921 cla-

288 951 341 973 ves
359 951 376 973 a
394 940 559 974 Salvatore
581 942 715 974 traditae
728 940 836 982 sunt'2,
860 942 915 984 qui
938 941 1034 974 etiam

287 994 494 1037 praeparabit
523 994 790 1028 christianissimo
816 994 952 1038 imperio
981 1005 1035 1028 ve-

287 1052 353 1080 stro
375 1047 482 1080 locum
504 1048 535 1080 in
549 1049 640 1081 coelo
661 1059 734 1081 cum
755 1049 872 1082 sanctis
894 1048 1032 1091 angelis,

288 1101 410 1145 quique
431 1101 668 1135 immutabilem
691 1108 721 1135 et
742 1103 984 1135 immaculatam
999 1102 1036 1134 si-

289 1157 362 1190 dem
390 1157 421 1189 in
450 1157 625 1190 Dominum
651 1163 795 1190 nostrum
823 1158 927 1190 Iesum
945 1156 1035 1190 Chri-

288 1215 373 1243 stum
393 1210 449 1244 Dei
470 1210 586 1243 Filium
611 1210 814 1253 unigenitum
835 1210 960 1254 primus
984 1221 1035 1243 ex-

290 1274 414 1308 ponens
435 1275 452 1296 a
478 1264 641 1298 Salvatore
673 1264 742 1308 ipso
775 1264 888 1297 beatus
915 1270 962 1297 est
990 1263 1037 1297 di-

290 1322 370 1350 ctus.
387 1317 465 1350 Nam
481 1329 554 1350 011111
569 1318 636 1361 ipse
651 1318 779 1351 dixisset
796 1318 836 1350 ad
849 1317 1033 1350 Dominum:

294 1371 342 1403 Tu
362 1381 393 1403 es
408 1371 558 1405 Christus
576 1371 688 1404 Filius
704 1371 766 1403 Dei
782 1371 885 1409 t·1're'³,
907 1371 946 1404 ab
969 1371 1037 1414 ipso

290 1424 403 1457 audire
418 1424 553 1457 meruit:
571 1425 693 1457 Beatus
706 1424 856 1457 essimon
876 1425 1034 1463 Bariona,

291 1478 371 1521 quia
381 1488 455 1510 caro
465 1482 493 1510 et
506 1479 643 1521 sanquis
653 1488 719 1510 non
731 1477 885 1510 revelavit
901 1477 968 1515 tihi,
985 1476 1040 1510 secl

292 1531 394 1564 Pater
414 1542 514 1572 meus,
542 1533 602 1575 qui
622 1532 658 1564 in
683 1531 778 1565 coelis
807 1536 869 1573 est,
893 1537 923 1564 et
942 1541 1040 1575 super

293 1584 352 1618 ista
384 1585 583 1618 consessione
610 1585 620 1601 ⁴
652 1585 829 1627 aedificabo
862 1585 1040 1618 Ecclesiam

292 1649 409 1680 meam,
431 1643 459 1672 et
476 1643 590 1683 portae
604 1640 705 1683 inferi
724 1650 790 1672 non
804 1638 1039 1683 praevalebunt

292 1692 447 1725 adversus
466 1692 570 1726 eam⁵.
594 1693 671 1726 Cum
693 1703 771 1735 ergo
791 1692 937 1726 Salvator
954 1692 1040 1725 dixe-

293 1745 344 1786 rit,
368 1746 455 1789 quod
475 1752 588 1790 portae
608 1745 702 1779 inseri
722 1756 787 1779 non
808 1745 1040 1790 praevalebunt

293 1800 446 1833 adversus
455 1800 554 1844 ipsius
566 1800 753 1841 Ecclesiam,
770 1806 805 1833 ut
817 1800 857 1832 ab
867 1811 905 1833 ea
918 1799 1018 1843 ipsius
1029 1799 1040 1815 θ

293 1853 591 1887 denominationem
632 1854 766 1894 tollant,
808 1864 891 1897 quae
923 1853 1041 1886 dicitur

292 1907 434 1941 Christus
460 1908 548 1941 Iesus
564 1908 574 1924 ⁷
602 1914 633 1941 et
659 1907 959 1951 Deiomnipotentis
988 1907 1039 1940 Fi-

293 1960 364 2001 lius,
397 1961 509 1994 Petrus
535 1961 771 2005 primogenitus
798 1961 918 1994 diaboli
940 1961 1036 2001 tilius,

293 2019 324 2047 et
344 2014 398 2058 qui
420 2020 549 2048 sanctae
567 2015 786 2048 Antiochenae
807 2014 966 2048 Ecclesiae
985 2015 1036 2047 in-

293 2066 482 2109 dignissime
513 2078 546 2101 se
576 2067 719 2110 ingessit,
747 2073 958 2112 sanctamque
978 2068 1036 2102 Sc-

293 2121 366 2155 dem
380 2122 589 2166 pontificatus
613 2121 726 2163 Ignatii
745 2122 895 2166 martyris
908 2122 1036 2167 polluit,

328 2237 339 2263 1
367 2248 379 2261 «
398 2237 495 2265 Ullum
514 2245 566 2265 nos
584 2246 660 2272 pura
675 2240 768 2265 ’11101110
788 2238 911 2272 dt'lz'gyere
924 2241 1041 2273 praeter

292 2290 376 2317 eum,
405 2283 457 2317 qui
482 2285 507 2310 le
532 2291 596 2310 cum
624 2283 682 2310 Deo
700 2291 803 2317 pacem
822 2283 927 2310 habere
947 2284 1038 2311 velit»

292 2327 370 2354 Cont.
392 2327 482 2354 Consi.
505 2327 579 2354 iuxta
599 2335 688 2363 graec.
710 2331 792 2354 text.:
814 2331 899 2361 Ετερον
915 2338 966 2352 τινα
979 2338 1040 2360 μετα

293 2374 395 2404 amasam
409 2381 452 2400 της
468 2372 568 2400 διανοιας
583 2382 642 2403 ημας
655 2383 756 2406 οιγσιτῑοιν1
767 2375 823 2399 πλην
834 2382 918 2397 εκεινου
932 2383 973 2398 του
982 2376 1040 2407 βου-

292 2418 388 2447 λομενου
403 2425 427 2440 σε
440 2426 502 2447 μετα
517 2426 557 2441 του
572 2419 622 2441 θεον
638 2427 679 2444 την
693 2426 782 2450 etp-mm
796 2426 865 2444 εκειν,

327 2464 343 2490 ΕΞ
360 2464 454 2491 Matth.
470 2472 526 2500 xvi,
541 2474 565 2492 v.
583 2466 626 2493 19.

327 2514 343 2540 3
359 2513 398 2541 ld.
417 2514 454 2541 ihi
471 2524 493 2541 v.
518 2516 560 2542 16.

328 2563 343 2589 4
359 2562 435 2591 Cont.
452 2564 543 2592 Const.
561 2564 623 2592 add.
642 2567 702 2592 tua.

328 2612 345 2639 5
363 2611 458 2640 Matth.
479 2613 515 2640 ibi
537 2615 617 2648 v.17‚
638 2616 678 2641 18.

328 2662 344 2688 6
364 2673 375 2686 «
388 2663 496 2691 Christi·
506 2674 530 2690 1).
554 2664 630 2691 Cont.
649 2665 739 2691 Const.
758 2664 774 2690 Ι.
794 2672 816 2690 c.

388 2717 462 2752 App.
484 2717 563 2745 Butt.
585 2718 668 2745 Rom.
691 2733 723 2737 —-
743 2717 800 2744 Vol.
819 2717 843 2744 J.
955 2718 989 2744 30

1070 352 1290 396 Eustathiique
1322 353 1514 386 confessoris
1543 365 1577 386 ac
1603 353 1815 397 praesidentis

1840 252 1889 278 An.
1906 251 1934 279 C.
1956 252 2008 279 483

1884 367 1934 387 Eunt
1957 367 2016 387 Fullo

1832 393 1895 418 impia
1917 394 2014 419 tutus-ptio-

1071 411 1288 439 trecentorum
1311 408 1422 439 decem
1445 413 1475 440 ct
1496 414 1567 440 0010
1588 408 1730 445 Patrum,
1759 407 1815 450 qui
1831 423 2016 459 11t=3n=1.1.1.›‹-·»1..

1071 459 1101 491 in
1119 459 1233 492 Nicaea
1250 466 1478 501 convenerurn,
1503 471 1598 493 ausus
1624 466 1670 494 est
1695 461 1812 497 dicere,

1068 523 1132 545 non
1154 519 1304 556 oportere
1326 514 1485 547 Christum
1504 514 1601 547 etiam
1619 514 1672 547 Dei
1696 514 1813 547 Filium

1069 566 1239 599 nominare
1264 568 1442 599 secundum
1473 567 1612 600 dixinam
1642 569 1816 601 Salvatoris

1069 620 1268 652 sanctionem
1280 625 1307 652 et
1321 620 1525 653 traditionem
1542 621 1722 654 divinarum
1734 622 1817 655 Scri-

1069 679 1238 717 pturarum
1263 674 1459 717 Pau-umque
1484 674 1736 717 expositionem2
1760 675 1816 707 sed

1069 738 1171 760 unum
1198 728 1236 760 de
1261 727 1414 760 Trinitate
1440 727 1621 770 passionem
1644 738 1702 771 pro
1724 728 1817 760 nobis

1070 780 1289 824 pertulissem
1304 780 1481 813 substantia
1494 780 1624 813 Deitatis
1639 780 1723 813 iuxta
1738 781 1814 817 Arii,

1070 834 1288 878 Apollinaris,
1316 833 1532 876 Eunomiique
1559 833 1813 877 blasphemiam,

1831 453 1872 466 ctlA
1883 453 1915 467 ti*-

1070 888 1180 920 volens
1205 888 1264 920 liae
1285 898 1362 920 voce
1386 898 1542 920 evacuare
1563 887 1735 919 salutarem
1757 887 1818 919 Do·
1833 876 1909 943 :isim-
1930 877 2010 916 ..¹⁸:¹11i'¹

1071 941 1135 973 min
1143 941 1150 973 i
1158 940 1426 980 incarnationem,
1437 940 1616 973 secundum
1625 951 1721 983 quam
1730 940 1818 973 Chri-

1069 999 1136 1026 stus
1157 999 1187 1026 et
1203 992 1385 1037 passionem
1403 993 1511 1026 subiit.
1533 993 1653 1025 Dicitur
1667 998 1772 1025 autem
1788 998 1819 1025 et

1070 1057 1154 1080 unus
1185 1058 1221 1080 ex
1251 1047 1363 1087 nobis,
1391 1051 1427 1079 111
1452 1047 1512 1090 qni
1532 1047 1686 1080 Abrahae
1711 1057 1817 1079 ,10111011

1069 1100 1287 1144 apprehendit
1310 1102 1330 1133 ²³.
1359 1101 1485 1143 Augere
1519 1111 1649 1144 quoque
1681 1101 1817 1133 deorum

1070 1154 1288 1197 pluralitatem
1309 1153 1436 1187 nititur:
1465 1153 1585 1197 quippe
1610 1164 1721 1186 sensus
1750 1153 1818 1186 eius

1070 1214 1134 1242 tres
1159 1208 1336 1242 introducit
1359 1209 1454 1249 deos,
1479 1218 1579 1241 unum
1602 1214 1766 1241 mortuum
1789 1214 1817 1240 et

1071 1263 1152 1295 duos
1169 1262 1319 1295 viventes.
1348 1262 1449 1295 Solvit
1467 1262 1562 1294 etiam
1577 1261 1819 1294 51111510111111115υ

1071 1327 1190 1350 nomen
1210 1327 1383 1359 sacrasque
1404 1315 1513 1348 abiicit
1537 1316 1676 1359 synodos
1708 1315 1818 1348 Nicae-

1072 1381 1158 1410 nam,
1182 1369 1571 1413 Constantinopolitanam
1591 1375 1620 1402 et
1645 1369 1820 1402 Chalcedo-

1072 1433 1223 1460 nensem;
1247 1429 1388 1456 sanctam
1411 1433 1540 1466 quoque
1564 1421 1697 1456 Mariam
1716 1421 1819 1463 Virgi-

1072 1487 1145 1509 nem
1156 1487 1360 1520 nequaquam
1369 1475 1540 1509 admittere
1550 1474 1815 1519 deprelicinlitur.

1073 1530 1105 1563 Si
1127 1531 1213 1563 enim
1241 1541 1306 1563 non
1335 1541 1371 1562 ex
1397 1540 1433 1562 ea
1454 1529 1657 1562 incarnatum
1678 1528 1818 1561 Verbum

1073 1584 1172 1617 homo
1191 1584 1310 1617 sactum
1336 1590 1393 1623 est,
1418 1594 1500 1626 quae
1526 1582 1698 1615 necessitas
1719 1581 1821 1623 Virgi-

1073 1638 1122 1671 nis
1134 1639 1148 1670 ⁵?
1176 1637 1214 1670 Et
1241 1648 1341 1681 quare
1368 1638 1407 1670 ad
1429 1648 1499 1669 eam
1520 1636 1650 1669 dixisset
1669 1635 1819 1669 Gabriel:

1076 1691 1167 1732 Quod
1188 1702 1226 1724 eac
1256 1695 1283 1724 tc
1307 1695 1459 1724 nascetur
1484 1694 1632 1723 sanctum
1655 1690 1823 1722 vocabitur

1073 1745 1185 1778 Filius
1205 1745 1278 1785 Dei,
1302 1749 1330 1777 ct
1355 1744 1447 1777 dabit
1474 1744 1530 1776 illi
1554 1743 1715 1776 Dominus
1735 1742 1821 1775 Deus

1073 1799 1178 1832 sedem
1198 1797 1305 1831 Darid
1323 1798 1430 1841 patris
1443 1796 1565 1830 eiusffl?
1578 1797 1653 1830 Post
1670 1797 1748 1829 haec
1764 1806 1819 1829 au-

1076 1859 1138 1886 tem
1167 1851 1276 1886 omnia
1301 1851 1420 1895 impia,
1449 1857 1478 1884 et
1504 1850 1724 1894 blasphemiae
1745 1859 1821 1883 suac

1074 1912 1298 1950 praesumpta,
1328 1911 1358 1938 et
1384 1904 1646 1949 depravationem
1674 1903 1822 1945 trisagiae

1075 1959 1325 2004 deprecationis,
1347 1969 1420 1992 cum
1439 1958 1483 1990 illi
1501 1958 1621 1991 addere
1642 1957 1743 1990 voluit
1758 1957 1823 1997 Qui

1074 2014 1251 2056 crucifioeus
1278 2018 1324 2046 est
1347 2024 1407 2057 pro
1424 2012 1525 2053 vohis,
1550 2012 1651 2045 multa
1671 2011 1822 2044 inconve-

1074 2067 1197 2100 nientia
1214 2065 1364 2107 ess'ecit¹¹,
1394 2067 1598 2109 multumque
1619 2077 1637 2098 a
1658 2065 1762 2105 nobis,
1791 2070 1823 2097 et

1075 2121 1108 2154 in
1129 2121 1256 2156 Christo
1277 2120 1402 2155 dilectis
1428 2120 1580 2153 tratribus
1610 2119 1738 2159 nostris,
1767 2119 1820 2162 qui

1110 2238 1124 2264 7
1145 2248 1157 2262 «
1174 2238 1235 2270 Qua
1256 2237 1335 2263 Iesus
1355 2237 1464 2264 dicitur
1478 2236 1609 2264 Christus
1626 2235 1681 2261 Dei
1693 2245 1716 2260 1).
1743 2234 1820 2261 Cont.

1074 2283 1164 2310 Const.
1187 2282 1202 2310 l.
1226 2291 1249 2309 0.
1267 2281 1305 2308 Ad
1326 2290 1436 2308 sensum
1456 2280 1567 2316 optime.

1109 2328 1124 2354 8
1139 2327 1212 2354 llebr
1234 2335 1263 2361 11,
1274 2336 1296 2354 v.
1310 2327 1352 2361 16,
1363 2326 1408 2353 ubi
1419 2326 1494 2361 Vulgi
1505 2326 1556 2361 leg.
1567 2334 1662 2353 semen
1675 2325 1820 2353 Abrahae.

1108 2372 1125 2398 9
1140 2372 1180 2398 ΑΙ.
1201 2370 1468 2398 consubstantialis.
1490 2370 1531 2396 Ad
1553 2378 1610 2396 rem
1631 2369 1729 2405 aptius.

1110 2416 1143 2444 10
1159 2416 1223 2443 Luc.
1241 2422 1259 2446 Ι,
1279 2424 1301 2442 ν,
1322 2415 1367 2442 35.

1111 2462 1137 2487 11
1165 2461 1242 2487 Cont.
1269 2460 1359 2487 Const.
1390 2459 1469 2486 huius
1490 2459 1539 2486 loci
1570 2458 1720 2486 versionem
1742 2457 1822 2484 nimis

1072 2501 1177 2528 litterae
1194 2505 1316 2527 tenacem
1333 2500 1498 2527 arbitrantes
1520 2500 1558 2526 sic
1573 2499 1710 2534 aptissime
1733 2498 1823 2525 reddi-

1072 2541 1180 2568 derunt:
1202 2551 1213 2565 1(
1227 2541 1382 2575 Postquam
1397 2543 1495 2568 aulem
1511 2549 1596 2567 ausus
1608 2542 1647 2566 est
1663 2541 1715 2566 has
1726 2547 1823 2565 omnes

1074 2583 1247 2617 impietates,
1257 2584 1282 2609 cl
1290 2582 1433 2616 blasphemi
1440 2581 1482 2608 ias
1489 2580 1626 2616 praedica
1632 2581 1822 2614 γορ-1101110101,

1071 2632 1102 2650 ac
1119 2622 1273 2657 trisayiam
1286 2621 1513 2656 deprecationem
1525 2622 1718 2655 depravare...
1732 2629 1756 2646 111
1764 2621 1823 2647 ulta

1069 2670 1208 2698 perversa
1227 2665 1360 2696 operatus
1377 2665 1415 2689 est
1433 2672 1458 2688 ».

1860 1217 1883 1238 Et
1908 1217 2019 1242 politium»

1849 1251 1867 1263 111
1885 1252 1888 1264 1
1906 1245 1983 1263 indui-it

1849 1431 1870 1450 lit
1887 1430 1952 1449 ivsam
1984 1437 1995 1449 11

1835 1460 1913 1482 respuit
1922 1464 1931 1475 11
1942 1460 1960 1476 :1⁴
1981 1464 2009 1476 1111

1835 1486 1907 1503 lati-ut.

1873 1910 1896 1930 ΕΙ
1913 1910 2022 1930 trimatum

1837 1939 1959 1963 corrumpit.
