2244 3183
0 0 13 2930 ν-ψ,-,,-,,,,-τ-,,,----.-.---.----.------------------ῄ---------

31 233 80 260 An.
98 232 127 259 C.
144 231 195 258 457

40 769 113 791 Leonis
120 768 205 793 Augusti

27 796 98 823 pit-tas*

54 1511 208 1532 Chalcedonen-

29 1538 56 1559 sis
70 1539 159 1564 synodus
179 1539 209 1558 in-

30 1567 86 1591 tegi-u
95 1565 206 1585 servanda.

53 1989 116 2010 Huius
125 1990 210 2011 firmitas

33 2017 146 2042 prinu-inum
174 2024 211 2038 au-

32 2044 126 2064 ctoritate
142 2045 211 2065 tlt-ten-

33 2069 92 2091 ditur.

873 229 898 252 S.
923 229 985 253 LEO
1006 229 1017 253 1
1037 229 1087 254 PP.

221 277 303 322 que*
325 276 517 310 fraternitati
542 282 666 311 vestrae
684 277 695 294 ²
715 281 880 320 comperta
893 287 960 309 esse

221 341 286 364 non
311 330 435 371 dubito,
463 341 522 374 pro
543 341 580 364 ea
603 329 839 369 sollicitudine,
863 340 959 373 qnam

221 384 371 418 omnibus
384 384 533 418 Ecclesiis
545 384 599 418 Dei
621 384 734 425 debeo,
750 383 829 416 haec
842 383 960 427 scripta

222 438 334 479 direxi,
362 438 480 482 quibus
506 438 710 471 dilectionem
736 443 871 470 vestram
894 448 961 470 cre-

222 491 288 525 didi
303 493 584 532 commonendam,
601 497 635 525 ut
648 491 811 525 sceleratis
831 483 962 524 ausibus

223 550 333 577 sancta
359 545 537 578 constantia
561 544 724 579 resistatis:
753 554 792 576 ne
819 543 849 576 in
876 553 958 587 quo-

221 608 318 641 quam
343 605 489 632 nostrum
515 598 696 631 communis
722 598 801 631 tides
821 603 875 630 aut
901 603 962 630 tre-

221 651 296 693 pida
310 651 500 690 inveniatur,
522 658 575 684 aut
593 651 709 695 tepida:
729 661 800 684 cum
822 650 962 694 propitio

222 704 368 743 Domino,
386 705 440 748 qui
458 704 633 738 Ecclesiam
650 715 741 737 suam
756 704 787 736 in
809 715 963 747 quacum-

222 768 284 800 que
311 757 518 791 tribulatione
542 768 607 791 non
633 758 763 797 deserit,
792 764 855 790 tam
882 757 959 790 reli-

222 810 360 851 giosum,
379 816 508 854 tamque
522 811 714 844 catholicum
730 811 873 843 animum
889 810 964 854 piis-

221 862 292 895 simi
315 863 519 907 imperatoris
539 864 726 905 habeamus,
743 870 778 896 ut
794 874 858 897 non
876 864 963 897 aliud

222 916 261 949 de
282 916 337 949 illo
357 917 554 949 credendum
573 917 623 957 sit,
644 927 741 960 quam
756 916 963 960 probavimus

221 969 260 1002 de
281 975 434 1012 augustae
453 970 629 1003 memoriae
650 970 823 1003 Marciano.
851 970 960 1013 Siqui-

221 1022 294 1055 dem
306 1022 402 1055 etiam
413 1023 529 1063 adhuc,
545 1029 654 1056 nostra
667 1023 792 1056 actione
807 1029 960 1064 cessante,

221 1076 263 1108 ita
277 1075 482 1109 fidelissimus
496 1076 673 1120 imperator
692 1076 887 1120 parricidale
900 1077 963 1109 eri-

223 1140 295 1162 men
320 1130 495 1171 horruerit,
523 1136 558 1163 ut
581 1131 706 1163 nullum
733 1131 856 1164 aditum
881 1131 960 1164 hae-

223 1183 396 1216 retieorum
422 1183 618 1217 concesserit
642 1184 784 1224 actioni·,
813 1184 868 1228 qui
893 1190 965 1228 post

223 1236 455 1270 immanitatem
465 1237 616 1271 facinoris
630 1238 816 1281 perpetrati,
831 1238 892 1271 hoc
904 1238 963 1271 sibi

223 1291 374 1334 possibile
406 1301 474 1324 esse
505 1291 699 1331 eredebant,
734 1297 769 1324 ut
803 1297 931 1325 sanctae
955 1291 966 1307 ³

222 1344 490 1378 Chalcedonensis
514 1344 632 1389 Synodi
654 1344 896 1378 definitionibus
916 1355 965 1378 re-

223 1398 346 1437 solutis,
375 1398 406 1430 in
432 1398 511 1431 alios
533 1403 686 1431 tractatus
711 1404 880 1431 vocaretur
896 1399 965 1442 epi-

224 1452 352 1494 scopale
378 1450 533 1484 iudicium
561 1452 581 1484 ⁴.
616 1451 708 1490 Quod
740 1452 838 1495 quia,
871 1452 967 1485 frater

224 1504 398 1544 carissime,
411 1505 546 1548 abrupte
559 1505 725 1537 inimicum
738 1511 784 1538 est
796 1505 871 1538 fidei
883 1505 967 1538 chri-

224 1558 356 1596 stianae,
380 1563 488 1591 etnon
499 1558 539 1591 ob
555 1558 642 1591 aliud
661 1564 747 1591 tanta
761 1558 966 1602 improbitate

225 1611 420 1655 deposcitur,
437 1611 498 1644 nisi
519 1617 553 1644 ut
573 1611 772 1655 praedicatio
790 1611 963 1653 Evangelii,

225 1665 444 1698 etdominicae
455 1665 688 1698 Incarnationis
696 1666 882 1709 mysterium
893 1665 965 1698 sub-

225 1724 346 1757 ruatur3
370 1718 505 1751 obsecro
531 1718 737 1752 dilectionem
757 1725 905 1759 vestram,
934 1725 966 1751 ut

225 1782 243 1804 a
262 1771 531 1805 Chalcedonensis
543 1771 662 1816 Synodi
679 1771 922 1805 definitionibus
936 1772 967 1805 in

226 1825 316 1858 nullo
333 1825 459 1859 animos
478 1825 638 1866 relaxetis,
662 1831 693 1859 et
710 1836 792 1869 quae
810 1837 847 1858 ex
861 1826 968 1859 divina

226 1884 300 1912 sunt
320 1878 531 1922 inspiratione
549 1879 738 1923 composita,
759 1879 847 1912 nulla
865 1879 967 1923 patia-

227 1932 304 1964 mini
319 1932 458 1965 novitate
477 1933 637 1966 temerari.
661 1933 770 1967 Certus
790 1933 875 1966 enim
897 1944 967 1966 sum

226 1985 313 2028 quod
339 1985 608 2019 clementissimus
633 1985 829 2029 imperator,
867 1991 897 2018 et
922 1985 969 2018 vir

227 2038 418 2081 magnificus
443 2039 598 2083 patricius
619 2049 691 2072 eum
710 2039 797 2072 omni
819 2045 912 2072 coetu
933 2039 968 2072 il-

228 2092 374 2125 lustrium
396 2098 605 2136 potestatum,
634 2092 713 2125 nihil
740 2093 772 2125 in
793 2093 965 2137 perturba-

228 2145 347 2179 tionem
358 2146 534 2179 ·''Eeelesiae
546 2146 708 2190 patientur
721 2146 899 2180 haereticos
913 2147 969 2180 ob-

229 2199 340 2240 tinere,
356 2199 380 2232 si
393 2200 568 2243 pastorales
583 2200 707 2233 animos
725 2200 756 2232 in
770 2200 859 2233 nullo
879 2200 968 2233 vide-

228 2253 291 2286 rint
312 2254 478 2287 fluctuare.
495 2254 532 2287 Ut
547 2259 654 2287 autem
672 2253 751 2287 haec
765 2253 947 2287 adhortatio
959 2255 970 2269 ¹⁵

266 2370 275 2395 1
298 2379 309 2395 ‹
332 2369 395 2396 Cod.
413 2369 497 2396 Grim.
519 2377 593 2404 quae
612 2378 634 2396 ν.
651 2368 770 2396 Cacciar.
792 2369 808 2396 Ι.
825 2378 849 2396 c.

262 2413 278 2438 ‘2
297 2423 308 2438 ι
329 2413 465 2444 Quesnell.
487 2418 581 2440 eontra
603 2413 681 2440 codd.
700 2413 778 2440 tidem
808 2417 915 2441 vestrae
938 2421 968 2440 ex

230 2458 336 2492 ingenio
360 2458 473 2485 mutavit
493 2458 520 2485 in
543 2461 607 2485 luae
622 2469 647 2485 ι).
666 2457 790 2485 Rallerin.
808 2462 834 2485 et
849 2458 968 2485 Cacciar.

231 2501 256 2527 ΙΙ.
272 2510 310 2528 cc.

265 2547 281 2573 3
305 2558 317 2571 α
339 2547 391 2574 Vox
412 2550 527 2575 sanctae
548 2548 624 2574 abest
644 2555 658 2574 a
675 2547 732 2575 rod.
755 2547 838 2574 Grim.
860 2557 881 2574 ι),
903 2548 970 2574 (Iac-

231 2590 293 2617 riar.
309 2591 323 2617 Ι.
341 2599 365 2618 c.

267 2636 281 2662 t
300 2647 312 2660 e<
326 2636 390 2663 Cod.
403 2636 484 2663 Grim.
502 2637 659 2664 concilium
676 2648 700 2662 n.
724 2636 843 2663 Caeciar.
862 2636 876 2662 l.
893 2644 915 2662 c.

1644 221 1703 254 151
1770 230 1934 258 An.c.⁴57

995 278 1034 310 ad
1064 277 1209 311 omnium
1243 278 1377 311 fratrum
1406 284 1435 312 et
1467 278 1733 322 coepiscoporum
1782 292 1934 313 momum-

1751 322 1803 339 (3110
1822 321 1895 345 tityi-ie·
1917 326 1937 339 e-

995 335 1179 363 nostrorum
1200 342 1258 375 per
1277 332 1437 375 Illyricum
1459 332 1558 376 possit
1588 332 1733 366 notitiam
1751 351 1831 371 parf-p.
1848 347 1937 371 pertzii-

995 384 1172 426 perrenire,
1197 385 1381 427 diligentiae
1402 392 1524 419 vestrae
1552 397 1628 419 cura
1654 397 1732 430 pro-
1752 372 1935 419 ffi[.¹1¹‚”.3-¹.'I¹„a2.f'''¹”'

995 436 1116 479 spiciat:
1146 437 1232 481 quia,
1260 439 1348 481 quod
1369 449 1464 482 saepo
1482 439 1653 472 dicendum
1676 446 1733 477 est,

996 495 1061 522 tota
1084 490 1199 532 religio
1220 490 1393 524 christiana
1415 492 1572 529 turbatur,
1598 493 1622 525 si
1645 493 1736 536 quic-

996 553 1092 586 quam
1118 544 1157 576 de
1182 544 1245 583 his,
1280 556 1362 588 quae
1393 546 1478 589 apud
1503 546 1736 579 Chaleedonem

996 602 1068 629 sunt
1088 602 1218 637 statuta,
1242 598 1450 630 convellatur.

1040 650 1153 682 Datum
1173 650 1339 683 kalendis⁷
1360 651 1568 694 Septembris,
1586 652 1738 685 Constan-

998 703 1064 735 tino
1086 708 1117 736 et
1136 703 1218 736 Ruso
1240 704 1437 737 consulibus.

1032 765 1092 792 Dat.
1110 765 1154 792 die
1173 767 1181 792 l
1202 765 1383 801 Septembris,
1400 774 1442 794 an.
1462 767 1523 793 457.

1200 966 1386 1000 EPISTOLA
1411 966 1485 1000 CVII
1504 969 1524 1000 ⁸.

998 1073 1151 1106 Anatolii?
1170 1074 1333 1106 constanti
1356 1083 1433 1116 erqo
1456 1073 1553 1115 fidem
1574 1074 1737 1106 sollicitu-

1042 1126 1118 1159 dine
1152 1127 1310 1164 laudata,
1352 1127 1449 1159 [Ilum
1486 1127 1637 1160 hortatur
1658 1154 1665 1166 ‚
1708 1132 1741 1159 ut

1044 1180 1444 1223 Constautt'nopolitanam
1460 1180 1637 1213 Ecclesiam
1649 1180 1686 1212 ab
1707 1192 1739 1212 ο-

1042 1233 1114 1265 mm?
1134 1233 1371 1265 haereticorum
1393 1233 1464 1265 labe
1489 1238 1643 1276 erpitrffl
1659 1260 1666 1271 ,
1698 1244 1736 1265 a-

1042 1286 1204 1329 qemtique
1225 1286 1385 1318 rationem
1406 1297 1480 1318 eum
1491 1286 1599 1319 Attico
1613 1286 1650 1318 tte
1665 1287 1740 1318 liae-

1044 1340 1107 1371 resi
1126 1343 1269 1382 suspecto
1290 1339 1389 1371 eidem
1408 1339 1614 1382 praescribit.

1088 1429 1145 1455 Leo
1161 1428 1324 1462 Episcopus
1340 1429 1477 1456 Anatolio
1499 1428 1651 1462 Episcopo.

1778 1516 1879 1535 Constans
1890 1517 1941 1536 Ana-

1758 1543 1802 1562 tolii
1812 1543 1894 1567 piotidc
1904 1544 1941 1563 snt.

1757 1569 1852 1589 livitude.

1045 1508 1154 1541 Fidem
1182 1508 1364 1541 dilectionis
1385 1514 1457 1541 tuae
1477 1514 1572 1552 atque
1594 1514 1742 1541 constan-

1002 1558 1099 1597 tiam,
1137 1569 1200 1601 qua
1225 1558 1462 1590 haereticorum
1490 1557 1614 1590 insidiis
1639 1558 1739 1590 obsti-

1004 1611 1077 1651 tisti,
1101 1617 1266 1653 gratanter
1286 1610 1501 1652 agnoscimus
1522 1617 1552 1644 et
1567 1611 1639 1644 ideo
1653 1621 1743 1644 secu-

1003 1665 1088 1698 riore
1114 1670 1144 1698 te
1170 1665 1288 1698 fidncia
1313 1664 1546 1705 cohortamur,
1583 1671 1614 1698 ut
1649 1665 1744 1698 rebus

1003 1719 1098 1752 etiam
1125 1729 1143 1751 a
1167 1724 1197 1752 te
1221 1718 1359 1751 defensis
1384 1724 1569 1752 constanter
1598 1719 1740 1751 adsistas.

1002 1772 1168 1816 Siquidem
1182 1771 1369 1814 religiosum
1391 1772 1555 1805 charitatis
1576 1778 1648 1805 tuae
1668 1783 1744 1816 pro—

1003 1826 1144 1870 positum
1166 1832 1229 1859 tam
1252 1827 1337 1870 apud
1352 1825 1640 1859 clementissimum
1655 1826 1744 1870 prin-

1003 1879 1124 1923 cipem,
1153 1890 1250 1923 quam
1276 1879 1360 1923 apud
1386 1879 1741 1922 magnificentissimum

1003 1933 1106 1966 virum
1128 1933 1298 1977 patricium
1320 1939 1428 1966 nostra
1441 1933 1559 1977 scripta
1575 1938 1742 1972 testantur,

1003 1986 1119 2030 quibus
1144 1986 1310 2029 diligentia
1336 1993 1389 2019 tua
1413 1996 1471 2019 nos
1497 1986 1667 2019 instructos
1688 1996 1746 2029 per

1003 2040 1112 2073 omnia
1137 2050 1205 2073 esse
1229 2040 1450 2084 patefecimus.
1473 2042 1549 2082 Agat
1570 2050 1646 2081 ergo
1672 2039 1742 2083 pri·
1791 2061 1943 2080 mmmm-

1004 2094 1099 2127 mitus
1125 2094 1308 2127 fraternitas
1329 2099 1394 2134 tua,
1415 2099 1449 2126 ut
1471 2093 1741 2136 Constantinopo-
1759 2088 1942 2134 ξ]ζ’ζζω,,ᾞζῗζξζ

1003 2147 1100 2181 litana
1113 2147 1252 2180 Ecclesia
1267 2147 1305 2179 ab
1318 2147 1404 2180 omni
1424 2147 1658 2180 haeretieorum
1674 2145 1744 2178 labe
1760 2141 1877 2167 ¹'¹'‘³'³''''³*

1003 2206 1139 2244 purgata
1158 2200 1208 2241 sit,
1229 2206 1257 2233 et
1279 2205 1313 2232 ut
1330 2199 1487 2232 catholica
1505 2199 1638 2243 puritas,
1662 2208 1744 2242 quae

1004 2254 1099 2287 etiam
1122 2254 1153 2286 in
1174 2253 1262 2287 laicis
1281 2254 1500 2286 conservanda
1525 2258 1581 2293 est,
1606 2253 1744 2286 maxime

1040 2369 1056 2395 5
1079 2380 1091 2394 «
1107 2369 1169 2396 Cod.
1201 2369 1283 2395 Grim.
1310 2368 1557 2396 conturbationem
1577 2379 1602 2395 ι.
1624 2368 1741 2395 Caeciar.

1005 2422 1064 2449 pag.
1087 2413 1147 2440 418.

1040 2458 1056 2484 (i
1080 2469 1091 2480 «
1111 2457 1177 2485 Coit.
1200 2456 1282 2484 Grim.
1304 2457 1461 2484 cohortatio
1478 2469 1503 2484 ι».
1522 2457 1642 2484 Cacciar.
1665 2457 1681 2483 l.
1704 2466 1725 2482 r.

1041 2503 1053 2528 7
1076 2502 1195 2528 (lat-ciar.
1213 2502 1228 2528 l·
1250 2510 1273 2528 r.
1295 2510 1354 2528 cnm
1375 2501 1435 2529 cod.
1452 2502 1534 2528 (irim.
1565 2502 1670 2529 ‹lecimn
1697 2502 1744 2528 lra-

1005 2547 1113 2573 lividas.
1131 2546 1196 2573 Jatt't·
1212 2555 1255 2582 op.
1269 2546 1313 2573 eit.
1332 2546 1408 2572 nobis
1424 2545 1561 2573 adhaeret.

1039 2591 1107 2617 813x
1128 2591 1193 2618 edit.
1216 2591 1341 2618 llalleiin.
1371 2592 1441 2625 Opp.
1463 2592 1492 2618 S.
1513 2592 1612 2618 [Aeonis
1635 2595 1699 2616 toni.
1726 2599 1743 2623 ι,

1005 2637 1057 2663 col¹
1077 2636 1153 2663 13¹3.
