2244 3183
278 247 330 274 Au.
347 245 374 274 C.
393 247 444 274 419
507 238 549 270 Η

278 311 357 342 ,ριι--ω,
376 310 461 336 nequa,
478 306 614 341 quorum
630 296 806 339 piissimam
822 297 997 331 convellere
1022 308 1085 331 non
1111 303 1214 341 potest

278 337 412 389 mimam-»e
428 343 462 357 ⁰⁵
478 350 594 389 lidem·,
621 360 706 390 eum,
732 356 886 392 quantum
912 350 1102 383 Nestoriusa
1126 351 1210 384 veri-

478 408 541 435 tate
551 403 707 441 discessit,
727 402 879 435 lteitatem
891 402 984 435 Verbi
1003 404 1041 435 ab
1060 404 1212 446 assumpti

477 456 616 489 hominis
640 454 816 487 substantia
841 455 1018 498 separando
1036 455 1064 497 ¹,
1090 462 1211 489 tantum

476 520 492 541 a
518 516 603 542 recto
625 508 750 541 tramite
769 509 864 541 otiam
883 508 941 542 iste
957 509 1140 551 desciscatff,
1157 511 1211 553 qui

476 561 675 604 unigenitum
695 560 745 593 Dei
762 561 874 593 Filium
895 562 938 594 sie
964 562 1003 594 sle
1024 568 1115 596 utero
1133 562 1209 595 bea-

478 621 525 647 tae
550 614 684 657 Virginis
710 613 871 656 praedicat
887 620 1011 655 natum,
1032 620 1065 647 ut
1083 615 1213 647 humani

477 667 604 711 quidem
631 667 773 710 corporis
797 667 934 710 speciem
972 668 1123 710 gesserit,
1160 668 1213 701 secl

476 721 632 753 humanae
650 720 756 753 earnis
780 719 897 752 veritas
922 720 1025 753 Verbo
1043 720 1130 753 unita
1150 731 1212 753 non

477 773 594 806 suerit‘?
619 773 660 806 De
685 783 748 816 quo
773 772 919 816 prodigio
943 772 953 787 ³
978 772 1124 806 salsitatis
1143 773 1214 816 quis

476 838 539 860 non
575 827 697 866 videat,
736 837 817 870 quae
849 826 1038 869 opinionum
1072 832 1213 859 monstra

476 881 668 913 nascantur?
686 880 742 918 Qui
768 879 851 911 enim
873 884 966 923 negat
983 890 1092 913 verum
1114 879 1215 913 homi-

475 944 547 966 nem
580 934 682 966 Iesum
709 933 864 966 Christum
889 932 915 973 ⁴,
935 943 1063 966 necesse
1088 939 1145 974 est,
1178 940 1214 967 ut

475 988 580 1021 multis
605 986 821 1029 in'ipietatibus
845 986 1016 1028 impleatur
1031 986 1053 1027 ⁵,
1074 997 1212 1031 eumque

474 1046 529 1073 aut
553 1039 742 1083 Apollinaris
767 1039 824 1071 sihi
850 1039 998 1080 vindicet,
1026 1045 1080 1072 aut
1101 1040 1212 1073 Valen-

475 1095 559 1127 tinus
582 1098 725 1137 usurpet,
753 1099 807 1126 aut
831 1093 1032 1126 Manichaeus
1057 1093 1210 1134 obtineat,

474 1159 610 1191 quorum
631 1149 737 1181 nullus
758 1147 792 1180 in
818 1147 939 1181 Christo
966 1148 1127 1181 humanae
1146 1159 1212 1182 car-

472 1202 521 1234 nis
542 1201 677 1234 eredidit
701 1201 877 1234 veritatem.
912 1201 978 1240 Qua
1013 1201 1123 1245 utique
1147 1213 1210 1235 non

473 1261 607 1300 recepta,
628 1266 692 1289 non
717 1255 818 1289 solum
845 1255 931 1299 quod
949 1255 1126 1289 secundum
1145 1267 1212 1289 ear-

472 1319 543 1341 nem
568 1315 663 1352 atque
684 1308 821 1341 animam
848 1308 1048 1349 rationalem,
1073 1309 1125 1352 qui
1144 1315 1209 1341 erat

471 1362 616 1395 informa
632 1362 697 1402 Dei,
708 1372 838 1394 manens
855 1361 939 1394 idem
953 1361 985 1394 in
999 1364 1100 1395 forma
1114 1362 1208 1403 servi,

471 1416 567 1449 homo
591 1421 683 1448 natus
708 1415 898 1458 denegatum
923 1415 978 1449 sed
1004 1416 1099 1448 etiam
1124 1415 1208 1459 quod

471 1469 640 1503 crucifixus
673 1474 719 1502 est
759 1474 790 1502 et
815 1474 959 1502 mortuus
980 1479 1015 1502 ae
1040 1469 1205 1512 sepultus,

470 1523 618 1566 quodque
642 1523 693 1555 die
718 1523 812 1556 tertio
830 1523 840 1539 ⁶
861 1522 1044 1563 resurrexit,
1070 1528 1100 1555 et
1124 1523 1209 1566 quod

469 1577 508 1609 ad
537 1577 698 1610 dexteram
723 1576 824 1609 Patris
847 1577 961 1610 sedens
977 1576 987 1592 ⁷
1007 1577 1045 1609 ad
1067 1576 1210 1609 iudican-

470 1627 526 1660 dos
551 1627 634 1661 vivos
658 1633 689 1661 et
714 1632 859 1661 mortuos
885 1627 917 1660 in
943 1638 980 1660 οο
1009 1637 1142 1671 corpore
1170 1627 1210 1660 sit.

469 1686 631 1721 venturus,
656 1681 688 1714 in
707 1691 770 1725 quo
795 1686 843 1714 est
867 1680 1025 1714 iudicatus
1041 1681 1067 1722 ⁸,
1090 1681 1209 1714 abnui-

470 1739 540 1767 tur:
565 1735 638 1777 quia
663 1735 740 1767 haec
760 1734 989 1779 redemptionis
1014 1740 1140 1768 nostrae
1153 1746 1210 1768 sa—

470 1793 629 1821 cramenta
654 1779 851 1829 vacuantur,
880 1788 904 1822 si
931 1788 1075 1822 Christus
1100 1799 1207 1822 veram

470 1839 533 1872 veri
558 1840 694 1874 hominis
728 1847 891 1886 totamque
915 1847 1063 1875 naturam
1096 1852 1206 1875 susee-

471 1892 554 1935 pisse
578 1904 641 1926 non
667 1893 819 1928 ereditur.

514 1945 586 1979 CAP.
614 1947 651 1979 ΙΙ.
672 1947 717 1980 An
740 1948 815 1992 quia
832 1948 992 1982 manifesta
1011 1953 1101 1981 erant
1118 1948 1209 1991 signa

471 1998 586 2039 diviua,
596 2000 671 2032 salsa
682 2001 827 2034 dicentur
841 2001 1032 2035 documenta
1042 2012 1205 2045 corporea,

471 2056 501 2084 et
518 2052 698 2086 testimonia
712 2054 880 2099 utriusque
894 2060 1026 2089 naturae
1044 2055 1205 2096 valebunt,

319 628 385 648 Stulte
403 627 461 647 niini»

280 655 461 675 intltiristotiuma-

279 689 297 701 tii
307 682 402 707 (nir-puri<
415 686 462 705 spu-

277 709 331 728 cit-m
347 708 433 732 vittngtt.

305 893 363 916 Quint
388 894 406 912 ot
425 892 459 912 atii

279 925 401 945 impiissimo
419 921 459 938 sta-

278 949 367 966 luerunt.

299 1259 409 1285 Siquidem
421 1264 457 1284 per

276 1286 294 1305 iil
314 1287 418 1306 «nutritura
435 1286 458 1306 [i-

276 1313 312 1332 dus
323 1313 443 1333 destruitur.

300 1990 321 2010 lu
335 1989 416 2010 Christo
432 1996 456 2010 u-

273 2017 367 2043 triusque
397 2019 456 2037 natu-

274 2049 309 2063 rae
338 2044 456 2069 proprietas

273 2072 305 2090 «st.
314 2070 454 2091 indivisibitis.

506 2160 517 2186 1
543 2159 667 2187 ‹iGraeca
682 2161 770 2188 versio
790 2161 866 2188 addit
885 2164 911 2189 et
933 2162 967 2188 ub
989 2161 1049 2196 ipsa
1077 2161 1208 2196 Virqinis

469 2204 646 2238 conceptione
662 2216 688 2231 n.
711 2205 836 2232 Ballerin.
858 2206 909 2232 col.
927 2206 989 2233 877.

504 2248 520 2275 2
537 2260 548 2274 ιι
568 2249 639 2285 Atiq.
664 2250 743 2277 codd.
765 2251 892 2277 discedat
908 2260 931 2278 v).
953 2251 1082 2278 Balterin.
1100 2254 1126 2278 et
1141 2251 1206 2278 Cac-

470 2291 534 2318 ciar.
551 2292 579 2320 11.
601 2302 641 2320 cc.

503 2336 520 2361 3
536 2346 548 2361 α
565 2336 634 2371 Atiq.
652 2338 730 2365 codd.
748 2338 774 2365 E
789 2347 843 2373 quo
859 2339 1012 2374 prodt'9i03
1029 2340 1063 2367 at.
1089 2340 1128 2367 De
1151 2348 1206 2375 quo

465 2381 646 2413 praeiudicio
665 2392 687 2408 ι.
704 2382 822 2409 Caeciar.
844 2392 904 2419 pag.
924 2385 984 2411 134.

503 2425 520 2450 4
534 2425 574 2451 Al.
596 2426 648 2457 Oui
671 2427 747 2454 enim
767 2432 852 2462 τιᾶραι
878 2429 1067 2458 mediatorem
1093 2430 1148 2457 Dei
1180 2433 1206 2457 et

467 2469 617 2496 hominum
634 2471 788 2505 hominem,
809 2473 965 2508 Christum,
986 2477 1050 2508 etc.,
1069 2482 1150 2509 quam
1167 2473 1206 2500 le-

468 2512 583 2540 ctionem
599 2514 718 2542 Cacciar.
730 2515 748 2541 l.
766 2524 788 2542 c.
801 2517 927 2551 praesert3
941 2518 975 2544 at.
989 2519 1114 2553 Neyalor
1128 2519 1205 2546 euim

467 2558 636 2587 mediatoris
652 2559 707 2586 Dei
733 2562 760 2587 et
787 2560 933 2589 hominum
952 2563 1077 2590 hominis
1098 2563 1207 2591 Christi

469 2602 545 2636 1esu;
561 2602 595 2629 al.
611 2603 720 2637 Neqato
735 2605 814 2632 enim
829 2606 987 2634 mediatore
1000 2608 1054 2635 Dei
1069 2611 1095 2636 ee
1110 2608 1204 2636 homi-

467 2655 538 2675 num
557 2648 670 2676 homine
685 2652 736 2676 etc.
753 2649 813 2677 vid.
830 2651 928 2678 Baller.
944 2656 971 2679 et
985 2653 1103 2680 Cacciar.
1121 2653 1148 2680 ll.
1163 2662 1203 2681 cc.

999 249 1158 274 APPENDIX
1178 249 1328 275 nULLAnn
1347 250 1467 275 ROMANI

2020 249 2069 277 An.
2086 248 2115 276 C.
2133 248 2184 276 ⁴49

1247 304 1281 332 ut
1305 304 1426 333 creator
1451 298 1665 341 intelligatur3
1687 307 1750 330 non
1770 297 1931 337 valebunt,
1952 304 1987 331 ut

1247 358 1392 385 ereatura
1429 351 1595 385 salvetur?
1627 350 1715 389 Quod
1752 351 1881 384 Deitatis
1915 356 1984 392 est,
2015 363 2186 384 numerantiu-

1247 414 1321 437 caro
1346 414 1409 436 uon
1428 403 1560 439 minuit:
1585 402 1670 446 quod
1685 403 1790 436 earnis
1803 409 1861 445 est,
1882 404 1986 437 Deitas
2000 392 2191 441 militumi?-

1246 464 1309 486 non
1334 454 1480 497 peremit.
1499 453 1586 485 Idem
1611 454 1695 486 enim
1721 458 1751 486 et
1775 454 1986 497 sempiternus
2001 444 2186 496 {liffufss‘e‘lnss‘iili

1247 517 1281 539 ex
1308 508 1410 545 Patre,
1435 512 1462 539 et
1490 506 1674 550 temporalis
1692 518 1728 540 ex
1746 507 1864 540 Matre:
1883 507 1913 540 in
1931 518 1987 540 sua
2001 497 2051 516 '‘¹¹‘'

1247 560 1361 593 virtuto
1386 559 1591 600 inviolabilis,
1619 560 1650 592 in
1675 565 1783 593 nostra
1804 560 1987 594 infirmitate

1248 612 1420 655 passibilis:
1444 613 1473 644 in
1491 613 1613 646 Deitate
1634 613 1795 646 Trinitatis
1808 624 1880 647 cum
1897 616 1987 648 Patre

1247 671 1276 698 et
1302 665 1419 708 Spiritu
1446 665 1561 699 Sancto
1581 666 1675 700 unius
1699 666 1908 710 eiusdemque
1925 677 1984 700 na-

1248 724 1356 757 turae,
1382 717 1414 750 in
1440 719 1644 761 susceptione
1669 725 1775 752 autem
1798 720 1808 735 ⁹
1835 719 1987 761 hominis,

1247 780 1310 803 uon
1336 771 1430 804 unius
1455 772 1669 813 sulstantiae,
1697 771 1751 805 sed
1775 772 1870 806 unius
1895 772 1984 806 eius-

1247 824 1383 868 demque
1409 835 1582 868 personae:
1620 831 1655 858 ut
1688 826 1771 859 idem
1796 832 1875 860 esset
1901 826 1987 861 dives

1248 877 1278 909 in
1293 883 1491 921 paupertate⁷
1525 878 1725 923 omnipotens
1739 879 1770 912 in
1796 878 1986 921 abiectione,

1247 931 1450 974 impassibilis
1475 931 1508 964 in
1535 932 1712 975 supplicio,
1739 932 1929 966 immortalis
1953 933 1986 966 in

1247 989 1356 1017 morte.
1386 985 1449 1018 Nee
1474 985 1559 1018 enim
1573 984 1710 1018 Verbum
1729 986 1827 1018 autin
1842 996 1983 1027 carnem,

1245 1043 1300 1070 aut
1320 1038 1351 1071 in
1377 1038 1515 1071 animam
1538 1039 1644 1082 aliqua
1665 1039 1712 1072 sui
1738 1044 1825 1083 parte
1854 1050 1984 1073 conver-

1245 1101 1314 1124 sum
1337 1097 1400 1132 est·‚
1418 1103 1490 1125 eum
1516 1092 1649 1135 simplex
1669 1099 1699 1126 et
1713 1092 1985 1133 incommutabilis

1244 1151 1357 1178 natura
1392 1146 1521 1179 Deitatis
1547 1152 1611 1179 tota
1637 1147 1669 1179 in
1702 1156 1758 1179 sua
1782 1147 1820 1179 sit
1856 1157 1985 1190 semper

1244 1201 1391 1241 essentia,
1418 1210 1477 1233 nee
1495 1200 1647 1233 damnum
1666 1201 1714 1234 sui
1738 1200 1905 1244 recipiens,
1925 1211 1984 1234 nec

1245 1260 1472 1297 augmentum,
1500 1259 1530 1287 et
1555 1255 1599 1288 sie
1624 1259 1818 1298 assumptam
1836 1260 1984 1287 naturam

1244 1306 1447 1347 beatificans,
1472 1313 1507 1340 ut
1531 1307 1706 1350 glorificata
1727 1307 1758 1339 in
1786 1306 1985 1349 glorificante

1244 1366 1440 1403 permaneat.
1470 1360 1531 1394 Cur
1555 1367 1662 1394 autem
1687 1360 1917 1393 inconveniens
1930 1365 1985 1393 aut

1244 1413 1440 1457 impossihile
1458 1414 1615 1455 videatur,
1638 1419 1673 1447 ut
1697 1414 1834 1446 Verbum
1860 1418 1891 1447 et
1910 1424 1983 1446 caro

1245 1473 1342 1510 atque
1366 1467 1471 1500 anima
1489 1477 1571 1500 unus
1593 1467 1678 1500 lesus
1697 1467 1837 1500 Christus
1854 1471 1884 1499 et
1898 1476 1982 1499 unus

1245 1520 1297 1553 Dei
1322 1520 1526 1563 hominisque
1551 1521 1590 1554 sit
1615 1520 1710 1561 filius,
1734 1520 1758 1552 si
1776 1530 1850 1553 earo
1869 1525 1898 1553 et
1916 1518 1982 1552 ani-

1245 1584 1295 1606 ma
1311 1601 1318 1615 ‚
1347 1584 1427 1617 quae
1452 1573 1655 1607 dissimilium
1680 1579 1868 1606 naturarum
1896 1578 1980 1614 sunt,

1244 1637 1339 1660 unam
1365 1626 1495 1667 faciunt,
1522 1627 1616 1660 etiam
1642 1627 1710 1660 siue
1727 1627 1819 1660 Verbi
1837 1627 1983 1660 incarna-

1244 1680 1342 1721 tione,
1369 1690 1550 1724 personam,
1571 1691 1643 1713 cum
1668 1681 1768 1713 multo
1789 1680 1829 1714 sit
1846 1679 1981 1722 facilius,

1243 1738 1278 1766 ut
1301 1734 1382 1767 hanc
1402 1734 1556 1767 unitatem
1577 1733 1625 1766 sui
1643 1739 1738 1777 atque
1758 1733 1896 1767 hominis
1913 1733 1984 1767 Dei-

1244 1787 1315 1820 tatis
1333 1792 1472 1830 praestet
1495 1792 1645 1831 potestas,
1674 1797 1771 1830 quam
1796 1792 1830 1819 ut
1854 1797 1922 1819 eam
1949 1785 1982 1818 in

1244 1839 1428 1872 substantiis
1453 1840 1518 1873 suis
1540 1840 1562 1858 ¹⁰
1581 1839 1723 1873 obtineat
1747 1839 1844 1873 solius
1868 1839 1982 1872 huma-

1243 1894 1348 1927 nitatis
1372 1894 1566 1927 infirmitas‘?
1591 1894 1656 1927 Nec
1679 1894 1819 1928 Verbum
1837 1893 1934 1937 igitur
1950 1893 1982 1926 in

1244 1959 1385 1988 carnem,
1413 1958 1472 1981 nee
1492 1947 1523 1980 in
1538 1948 1674 1981 Verbum
1693 1958 1767 1981 earo
1785 1952 1906 1980 mutata
1919 1952 1981 1980 est:

1243 2001 1298 2033 sed
1324 2007 1497 2044 utrumque
1522 2001 1553 2034 in
1578 2011 1643 2034 uno
1661 2006 1779 2041 manet,
1800 2005 1831 2034 et
1849 2010 1933 2033 unus
1949 2000 1983 2032 in

1242 2060 1378 2098 utroque
1403 2060 1461 2095 est,
1487 2066 1551 2089 uon
1575 2054 1756 2088 diversitate
1769 2054 1897 2096 divisus,
1916 2063 1982 2087 non

2023 732 2044 753 ln
2054 733 2136 754 Christo
2144 739 2185 754 una

2002 761 2119 786 eademque
2137 766 2185 786 per-

2001 786 2103 809 sonased
2109 787 2186 813 duplex

2001 813 2128 834 substantia.

2027 996 2120 1018 verbum
2135 1003 2184 1018 earo

2000 1023 2029 1046 tit.
2036 1026 2057 1044 at
2067 1024 2087 1044 in
2094 1029 2185 1048 carnem.

2000 1050 2032 1070 vel
2051 1050 2071 1070 in
2093 1051 2185 1071 animam

1999 1082 2040 1097 non
2068 1079 2185 1098 commuta-

2000 1105 2039 1123 tur.

2040 1367 2066 1388 Ut
2081 1369 2150 1389 anima
2163 1371 2184 1390 ot

1999 1399 2049 1415 caro
2073 1401 2137 1416 unam
2163 1396 2184 1416 iu

1999 1421 2083 1442 hennino
2110 1427 2182 1448 perso-

1998 1447 2183 1471 nam.i1nVerhum

1998 1475 2017 1494 et
2032 1475 2102 1494 anima
2116 1477 2137 1494 et.
2149 1481 2183 1495 ca-

1998 1506 2021 1520 ro
2029 1507 2091 1521 unum
2103 1501 2184 1522 faciunt

1998 1527 2181 1549 tesumctirtstum.

2013 1898 2103 1919 Verbum
2119 1900 2182 1919 etca-

1998 1931 2021 1945 ro
2036 1925 2056 1945 in
2078 1931 2119 1946 uno
2138 1931 2182 1946 ma-

1997 1953 2053 1976 nent,
2063 1953 2084 1972 et
2099 1957 2152 1972 unus
2163 1952 2183 1973 iu

1998 1980 2088 2005 utroque
2103 1980 2142 2000 est..

1277 2162 1293 2189 5
1315 2171 1327 2187 <r
1344 2161 1385 2188 At.
1406 2161 1570 2196 implicetur
1585 2170 1609 2188 )>.
1625 2160 1753 2188 Ballerin.
1774 2160 1792 2187 1.
1809 2168 1832 2187 c.

1277 2215 1293 2242 6
1310 2224 1322 2242 «1
1338 2215 1419 2250 Vulg.
1443 2216 1548 2242 addunt
1571 2224 1588 2242 a
1604 2215 1726 2243 mortuis
1742 2223 1764 2242 ›.
1782 2213 1910 2242 Ballerin.
1928 2213 1979 2241 col.

1242 2259 1293 2286 878
1308 2262 1334 2286 et
1350 2259 1467 2286 Cacciar.
1489 2259 1506 2286 l.
1525 2268 1549 2287 e.

1276 2314 1291 2340 7
1309 2323 1320 2340 ι
1338 2314 1403 2340 Cod.
1420 2313 1522 2349 Ratisp.
1538 2314 1623 2348 sedet,
1636 2316 1663 2341 et
1675 2323 1699 2341 ι.
1716 2313 1840 2341 Ballerin.
1857 2313 1874 2340 l.
1892 2321 1916 2340 c.
1928 2312 1983 2341 Me-

1241 2358 1302 2393 lius,
1318 2358 1424 2393 opinor,
1440 2367 1467 2385 n.·
1486 2358 1577 2386 lectio.

1275 2412 1290 2439 8
1313 2421 1325 2437 <r
1350 2411 1427 2447 Vulg.
1452 2411 1557 2439 addunt
1580 2412 1618 2439 ad
1645 2414 1765 2440 mortem
1797 2420 1820 2438 ι.
1851 2410 1979 2438 Ballerin.

1240 2455 1291 2482 col.
1307 2455 1369 2482 880.

1274 2509 1290 2536 9
1308 2519 1319 2535 α
1336 2509 1395 2536 Vat.
1427 2509 1504 2536 1319.
1536 2509 1609 2537 Cum
1634 2510 1665 2536 in
1689 2509 1865 2544 susceptione
1886 2512 1981 2537 autem
1996 2507 2003 2513 '

1240 2554 1363 2582 hominis
1380 2564 1404 2581 ».
1421 2554 1539 2581 Cacciar.
1557 2562 1617 2590 pag.
1638 2554 1698 2582 135.

1275 2609 1309 2636 to
1333 2618 1344 2635 ι
1373 2608 1437 2635 Cod.
1464 2608 1565 2644 Ratisp.
1592 2608 1691 2635 omittit
1718 2607 1778 2635 suis
1802 2617 1825 2635 ι.
1854 2606 1980 2635 Ballerin.

1240 2653 1291 2680 eol.
1307 2653 1369 2681 881.
