2244 3183
20 229 72 256 An.
87 227 116 255 C.
133 227 185 255 454

214 279 359 308 mentum
371 272 389 316 ¹,
421 273 529 307 nuilus
566 273 803 307 obmurmuret.
839 273 900 306 Sed
929 274 954 306 si

214 328 268 372 qui
289 334 374 369 sunt,
398 328 452 372 qui
473 328 579 361 adhuc
599 333 653 361 ant
672 327 857 370 ignorantia
878 328 955 361 cali-

214 387 300 424 gant,
324 381 598 425 autperversitate
618 381 819 422 discordant,
842 391 955 414 eorum

214 445 353 478 quorum
366 435 397 467 in
411 434 551 468 Ecclesia
570 434 624 468 Dei
643 434 819 478 apostolica
834 433 893 466 suit
907 432 957 466 et2

215 487 301 520 clara
333 487 490 528 doctriua,
514 487 761 520 auctoritatibus
794 487 956 519 instruan-

215 546 278 581 tur,
309 546 344 573 ut
372 541 411 574 dc
442 541 667 574 lncarnatione
687 540 783 573 Verbi
808 540 863 573 Dei
896 540 958 572 hoc

39 606 200 628 1nctu·isticor-
215 604 274 627 nos
295 595 438 635 credere,
460 595 547 638 quod
568 594 614 626 illi
633 594 812 634 credidere,
838 603 958 635 cogno-

19 636 324 688 l'ffi‘⁰0i‘{3.‘1¹i¹0¹¹‡is.'seant;
347 658 452 692 neque
473 659 506 681 se
527 653 612 681 extra
634 658 751 691 eorpus
776 646 901 687 Christi,
926 646 957 678 in

217 711 282 745 quo
303 702 497 735 commortui
515 708 545 735 et
565 702 809 735 conresuscitati
832 711 954 741 sumus,

19 686 89 708 scitati
103 692 182 707 sumus.

20 765 275 817 naiiffl'mss'issussearlsua
306 755 521 789 obduratione
552 756 767 788 constituant:
804 755 880 798 quia
899 764 958 787 nec

20 807 342 852 ωιιηιπφιιουι-ριθῑειε3
367 808 454 848 fidei,
484 819 543 842 nec
572 809 654 842 ratio
686 808 821 852 recipit·¹
845 818 955 841 sacra-

22 848 85 866 tatem
126 846 203 866 asserit

19 872 202 920 fl³⁵⁵ffliff0³⁰f¹¹¹i
219 862 329 903 menti,
360 868 395 895 ut
424 867 478 895 aut
510 862 542 895 in
563 873 620 894 sua
641 862 778 895 essentia
798 861 959 905 passibilis

21 902 204 951 ‹fflixssssssffiss'ss
218 915 312 948 suerit
331 915 447 956 Deitas,
471 921 525 948 aut
542 915 573 947 in
594 921 723 948 nostrae
754 914 959 958 susceptione

20 954 90 974 ¹³⁸⁰¹¹¹⁴
218 973 352 1002 naturae
362 969 372 984 ⁵
393 968 526 1001 mentita
539 968 579 1001 sit
590 968 706 1001 veritas
718 968 740 1001 ⁶.

261 1022 328 1055 Dat.
349 1021 453 1065 pridie
473 1032 574 1055 nonas
595 1021 805 1065 Septembris,
824 1021 915 1055 Aetio
929 1026 960 1054 et

218 1075 331 1109 Studio
352 1075 426 1109 viris
445 1075 631 1109 clarissimis
648 1075 844 1109 consulibus.

255 1137 312 1164 Dat.
329 1137 372 1164 die
387 1138 404 1164 4
418 1137 594 1173 Septembris,
610 1146 653 1165 an.
671 1138 732 1165 454,

426 1307 611 1342 EPISTOLA
635 1307 722 1342 XCVI
736 1307 755 1340 ⁷.

222 1406 352 1439 Iuliani
373 1405 500 1439 litteras
519 1406 581 1439 sihi
601 1406 841 1449 acceptissimas
859 1409 964 1438 osten-

264 1464 360 1502 dens,
398 1464 435 1496 cte
460 1464 645 1496 errantium
672 1464 896 1507 resipiscentia
929 1463 963 1495 ob

264 1523 411 1556 Dioscori
434 1524 625 1560 interitum,
649 1527 677 1556 et
703 1524 850 1567 piissimi
878 1522 964 1555 Mar-

265 1582 355 1614 ciani
371 1581 576 1626 praesidimn
592 1581 730 1615 meliora
752 1586 860 1625 sperat
872 1593 883 1621 ;
910 1592 965 1614 nec

265 1651 330 1674 non
354 1641 392 1674 de
411 1641 436 1674 A
445 1640 660 1674 [ermuli-inae
679 1641 838 1674 Ecclesiae
859 1641 965 1684 prose-

265 1704 328 1739 ctu,
352 1700 380 1731 si
400 1699 482 1743 quid
499 1698 632 1732 Iuliano
646 1700 835 1738 immtmcat,
852 1709 964 1741 coqne-

265 1767 348 1791 scere
372 1758 472 1801 cupit.

414 1856 470 1884 Leo
485 1856 602 1884 Iuliano
622 1855 772 1890 episcopo.

266 1937 401 1970 Litteras
437 1937 617 1970 dilectionis
649 1943 722 1970 tuae
746 1946 804 1980 per
834 1936 937 1969 filium
955 1938 965 1951 ²⁴

222 1991 412 2024 Gerontium
440 2001 490 2024 me
512 1990 673 2034 accepisse
692 1990 847 2031 rescribo,
871 1989 965 2023 mihi-

257 2145 269 2171 1
293 2155 304 2168 «
320 2143 376 2171 Vat.
392 2143 461 2171 5845
476 2146 577 2171 contra
597 2142 832 2178 redemptionem,
850 2141 968 2177 hocspm‘

222 2196 336 2221 nostrae
352 2193 497 2228 ineffabile
511 2194 728 2221 sacramentnm
743 2203 754 2216 u
764 2213 769 2219 .
780 2192 896 2219 Caeciar-
914 2192 929 2218 l.
941 2201 964 2219 c·

257 2242 273 2269 ‘2
294 2243 412 2270 (Iacciar.
439 2251 497 2278 pag·
516 2242 568 2269 408
583 2250 643 2268 rum
663 2242 698 2269 al.
716 2245 741 2268 et
756 2245 807 2269 est.

257 2291 273 2317 3
291 2301 302 2317 α
325 2291 519 2318 Praecedeutia
539 2291 577 2317 sic
602 2290 659 2317 Vat.
678 2290 742 2326 neg.
760 2290 857 2326 insigni
879 2291 965 2318 varic—

223 2344 285 2367 tate:
304 2341 359 2369 Sctl
373 2341 400 2369 st
422 2342 473 2376 qni
493 2344 567 2375 sunt,
589 2341 639 2376 qut
654 2341 748 2368 adhuc
767 2341 943 2369 dissentiunt
960 2363 966 2376 ,

223 2398 240 2416 α
255 2391 493 2418 consentientibus
514 2390 702 2418 instruantur
718 2413 724 2424 ,
746 2391 816 2425 quiet
838 2390 915 2417 inter
930 2392 968 2417 tot

223 2441 248 2466 et
268 2439 428 2474 cvanyetica
446 2442 471 2466 ct
487 2439 643 2473 apostoliea
670 2439 825 2474 praeconia
839 2439 968 2474 caligam-

224 2490 262 2515 tes
276 2496 326 2515 nec
339 2489 436 2524 sperni
454 2489 597 2523 convenit,
612 2497 664 2515 nec
685 2489 793 2517 timeri:
822 2489 892 2523 qnia
920 2496 969 2515 nec

221 2537 322 2571 pietas,
340 2542 391 2565 etc.
415 2538 539 2565 Ballerin.
566 2538 617 2566 col.
639 2538 713 2566 1293.
739 2537 825 2573 Autiq.
849 2546 919 2565 vers.
940 2545 967 2564 n.

225 2586 333 2614 lectioni
348 2587 487 2614 adhaeret.

261 2636 276 2662 4
298 2646 309 2662 α
331 2637 369 2663 ΑΙ.
385 2638 502 2672 suscipit
518 2648 543 2664 ι».
562 2636 687 2664 Ballerin.
701 2636 717 2666 l.
731 2646 754 2663 e.

866 227 892 249 S.
921 226 976 251 LEO
1002 226 1011 250 1
1036 227 1081 250 PP.

1638 216 1702 250 143
1765 227 1818 253 An.
1835 227 1863 255 c.
1879 227 1932 254 454

990 285 1052 318 que
1068 274 1164 308 fuisse
1178 280 1376 319 pergratum,
1400 274 1476 319 quia
1496 285 1561 307 non
1582 274 1731 307 omiseris
1760 288 1929 317 initantum-ae

990 328 1264 371 opportunitatem
1286 328 1450 361 familiaris
1475 328 1619 372 alloquii,
1645 328 1731 371 quod
1747 315 1928 367 {¹ss'ssgf3il¹¹0¹s*'¹³''¹¹

991 381 1078 413 omni
1111 382 1279 415 occasione
1315 382 1397 415 inter
1423 392 1481 416 nos
1502 382 1651 415 convenit
1671 382 1733 415 sre—

991 434 1153 477 quentari:
1178 441 1213 467 ut
1234 435 1272 467 de
1292 435 1351 476 his,
1375 446 1457 479 quae
1477 436 1516 468 ad
1544 446 1655 468 curam
1676 446 1733 469 no-

990 492 1088 520 stram
1110 498 1168 530 pro
1188 488 1347 521 Ecclesiae
1367 494 1450 521 statu
1463 489 1635 532 pertinent,
1653 489 1732 521 nihil

992 542 1203 584 incognitum,
1221 542 1300 574 nihil
1322 543 1498 576 habeamus
1512 543 1681 576 incertum.
1699 544 1733 575 In

992 595 1051 627 hae
1071 599 1177 627 autem
1207 595 1422 628 sollicitudine
1447 596 1625 628 constitutis
1653 606 1735 628 nun-

992 657 1088 691 quam
1111 647 1226 681 desunt
1244 648 1351 680 divina
1377 648 1549 692 praesidia,
1573 660 1656 692 quae
1680 650 1735 693 hy-

992 701 1190 744 pocritarum
1204 701 1427 735 simulationes
1447 702 1526 734 nihil
1548 712 1641 746 posse
1661 713 1734 746 per-

993 754 1135 795 mittunt,
1159 756 1387 799 occultamque
1408 765 1520 789 eorum
1557 755 1734 798 nequitiam

992 808 1160 842 manifesta
1173 809 1388 842 destructione
1398 809 1607 842 confundunt.
1620 808 1736 848 Quam-

992 861 1037 895 vis
1051 861 1136 895 enim
1160 861 1352 906 iampridem
1366 862 1476 895 onmia
1496 861 1734 895 haereticorum

994 916 1254 950 machinamenta
1271 916 1434 950 confracta
1452 917 1524 957 sint,
1548 922 1579 949 et
1609 916 1737 949 unirer-

993 981 1042 1004 sas
1062 970 1130 1003 eius
1150 970 1232 1004 vires
1246 971 1375 1004 dextera
1396 970 1536 1003 veritatis
1556 970 1734 1007 abstulerit3

993 1034 1078 1056 nunc
1092 1029 1199 1057 tamen
1214 1024 1406 1065 intereunte,
1421 1028 1457 1057 ut
1467 1024 1648 1068 scripsistis,
1665 1024 1737 1057 Dio-

994 1087 1099 1118 scoro,
1114 1077 1145 1109 in
1162 1077 1375 1121 profundiora
1388 1077 1594 1117 ceciderunt;
1615 1082 1646 1110 et
1664 1087 1737 1121 per-

995 1130 1090 1164 fidiae
1110 1131 1276 1165 incentore
1297 1131 1434 1173 sublato,
1458 1131 1622 1165 instabiles
1640 1142 1738 1175 quae-

995 1184 1069 1217 dam
1094 1189 1126 1217 et
1146 1184 1333 1228 insipientes
1354 1185 1481 1218 animae
1509 1185 1631 1218 hahent
1650 1185 1737 1228 qnod

995 1244 1141 1281 paveant,
1178 1249 1244 1272 non
1275 1239 1396 1272 habent
1428 1238 1515 1282 quod
1548 1244 1734 1282 sequanum

996 1292 1097 1333 Unde,
1114 1292 1288 1326 auxiliante
1302 1292 1600 1333 misericordiaDei,
1615 1292 1738 1325 facilius

997 1351 1044 1379 est
1065 1346 1242 1379 errantium
1262 1347 1423 1390 speranda
1437 1346 1605 1386 correctio,
1630 1351 1659 1378 et
1673 1345 1739 1378 effi-

998 1399 1105 1432 cacior
1126 1400 1186 1433 erit
1198 1400 1398 1443 praedicatio
1411 1399 1585 1442 Evangelii,
1600 1399 1739 1432 extincto

998 1453 1165 1486 defensore
1187 1453 1364 1486 mendacii:
1390 1457 1585 1497 cooperante
1613 1453 1652 1485 ad
1679 1452 1741 1485 hoc

999 1507 1179 1540 remedium
1206 1506 1463 1540 christianissimi
1484 1506 1643 1550 Principis
1667 1506 1738 1549 pie-

999 1566 1073 1601 tate,
1095 1561 1186 1594 cuins
1208 1561 1335 1594 devotio
1355 1571 1414 1604 pro
1435 1560 1587 1593 omnibus
1607 1559 1741 1593 catholi-

999 1625 1054 1648 cae
1072 1614 1146 1647 fidei
1168 1614 1373 1658 provectibus
1384 1620 1509 1647 sanctas
1529 1623 1657 1657 semper
1670 1624 1742 1656 pre—

1000 1668 1100 1702 tendit
1132 1667 1292 1701 excubias.
1331 1668 1369 1700 Et
1401 1667 1474 1701 ideo
1506 1666 1740 1700 fraternitatem

1000 1727 1087 1755 tuam
1114 1722 1227 1755 hortor
1248 1727 1279 1755 et
1300 1731 1428 1761 moneo,
1449 1727 1485 1753 ut
1504 1720 1691 1763 dignatione
1712 1726 1742 1753 et

999 1775 1156 1809 charitate
1187 1774 1275 1818 regia
1305 1774 1466 1818 sapienter
1499 1773 1610 1814 utaris,
1645 1779 1675 1806 et
1703 1774 1742 1806 de

999 1829 1150 1863 omnibus
1170 1839 1252 1873 quae
1280 1828 1450 1873 profutura
1471 1828 1659 1868 credideris,
1684 1838 1742 1871 op-

998 1889 1154 1927 portunas
1187 1882 1410 1925 suggestiones
1438 1893 1503 1915 non
1535 1881 1671 1915 moreris
1697 1882 1744 1914 of-

999 1937 1096 1970 ferre:
1120 1937 1196 1980 qnia
1217 1936 1326 1969 multis
1347 1935 1576 1980 experimentis
1593 1934 1743 1979 probavi-

1000 2000 1081 2031 mus,
1094 2000 1163 2023 eain
1176 2000 1244 2023 esse
1252 1989 1476 2033 gloriosissimi
1487 1989 1620 2031 Augusti
1632 1987 1740 2028 fidem,

1808 606 1933 632 litium-rita*

1750 639 1794 653 rum
1818 635 1933 653 suuutntiu-

1750 660 1934 683 imminerit-‘iritum

1750 687 1883 711 protulerunt
1898 686 1935 706 dc-

1751 716 1865 733 struuntur.

1776 1084 1872 1105 Extincto
1889 1084 1939 1104 Dio-

1753 1117 1822 1133 scorn.
1855 1111 1938 1131 tacitins

1754 1138 1867 1158 errantium
1891 1143 1938 1163 spe-

1753 1164 1818 1186 randa
1827 1165 1938 1186 correctio.

1785 1722 1814 1742 Ad
1829 1722 1869 1742 hac
1884 1722 1941 1747 piiss.

1758 1750 1859 1771 Marciani
1880 1755 1942 1773 prae-

1758 1777 1812 1796 sidio
1835 1778 1942 1801 salut-nter

1758 1803 1865 1824 utendum.

1034 2142 1051 2169 5
1067 2141 1123 2169 vat.
1144 2141 1214 2169 5845
1233 2144 1282 2169 aut
1301 2144 1416 2169 nostrae
1430 2141 1638 2175 susceptionem
1657 2141 1743 2167 natu-

1000 2195 1050 2215 rae
1066 2197 1092 2213 ».
1115 2185 1234 2213 Caeciar.
1256 2186 1270 2212 l
1289 2195 1312 2212 c.

1036 2231 1052 2258 6
1073 2242 1084 2255 α
1104 2231 1195 2266 Antiq.
1213 2230 1279 2257 edit.
1297 2234 1322 2257 et
1338 2231 1415 2266 plura
1426 2239 1491 2257 mss.
1512 2229 1630 2257 addunt:
1649 2228 1744 2257 Parti-

1000 2276 1095 2302 culam
1110 2275 1272 2302 dominicae
1289 2275 1389 2303 Crucis
1404 2283 1470 2302 cnm
1485 2275 1605 2309 eutoyiis
1616 2274 1744 2302 dilectio-

1002 2321 1046 2348 nis
1076 2324 1142 2347 tuac
1169 2322 1343 2346 venerantur
1372 2319 1487 2353 accepi:
1512 2327 1581 2354 quae
1602 2322 1690 2346 tamen
1711 2319 1744 2345 ab

1001 2365 1120 2400 antiquis
1134 2364 1210 2391 codd.
1223 2364 1321 2391 absunt
1333 2376 1357 2390 ·›.
1371 2363 1467 2390 Baller.
1481 2363 1531 2390 col.
1556 2363 1621 2389 1294
1642 2367 1668 2389 et
1680 2363 1745 2390 Cac-

1002 2410 1066 2436 ciar.
1088 2409 1115 2436 ll.
1139 2418 1178 2436 cc.
1197 2409 1281 2435 Etiam
1297 2408 1322 2434 iu
1345 2408 1430 2443 antiq.
1452 2417 1521 2435 vers.
1546 2407 1743 2435 desiderantur.

1039 2454 1106 2481 7131
1131 2454 1195 2480 edit.
1217 2453 1340 2480 Ballerin.
1362 2454 1430 2488 Opp.
1459 2455 1488 2481 S.
1512 2454 1610 2480 Leonis
1634 2457 1697 2480 tom.
1720 2461 1744 2485 1,

1004 2500 1055 2526 col.
1078 2498 1155 2525 1295.

1037 2544 1054 2571 8
1069 2543 1188 2571 Caeciar.
1201 2544 1272 2578 01³1).
1285 2544 1315 2571 S.
1326 2544 1428 2570 Leonis
1444 2547 1510 2579 part.
1523 2550 1551 2575 u,
1569 2542 1698 2578 pagato&
1715 2550 1745 2568 ex

1003 2589 1062 2616 cod.
1080 2589 1163 2615 Grim.
1181 2589 1425 2622 sitittmnostrnm;
1442 2597 1522 2623 quam
1539 2596 1643 2620 vocem,
1661 2586 1747 2622 iuquit

1003 2635 1073 2661 idem
1090 2633 1218 2668 Caeciae,
1235 2633 1397 2664 Quesneltus
1416 2641 1448 2661 ex
1460 2632 1569 2668 ingenio
1585 2631 1745 2667 suppressit.
