2244 3183
218 214 268 240 An.
287 212 315 239 c.
332 212 383 239 490
446 204 510 236 ⁹260

629 259 812 294 tiPlSTOLA
840 259 904 292 xllt
929 258 946 290 ¹.

466 377 694 410 Terentianum
728 386 766 407 eJJ
796 374 899 407 [talia
931 374 1114 406 redeuntem

539 436 661 469 Zenoni
680 436 824 478 episcopo
843 433 1056 466 conmmendat.

436 544 636 572 Dilectissimo
651 544 739 570 fratri
754 543 863 570 Zenoni
876 542 954 570 Felix
970 542 1143 576 Episcopus.

462 633 560 667 Filius
581 643 670 666 meus
683 633 693 649 ‘²
710 632 758 665 vir
777 632 975 665 clarissimus
998 630 1161 664 Terentia-

263 701 402 720 'rvreund-ms
417 697 478 720 nus
502 687 540 719 ad
569 686 692 720 ltaliam
719 686 841 719 dudum
865 685 993 718 veniens
1015 684 1160 717 dilectio—

218 727 307 773 {33⁰⁰ss
329 726 402 746 ¹³⁰⁸*
417 740 466 774 nis
486 746 558 773 tuac
575 739 747 782 singularis
761 739 859 772 extitit
882 739 1097 782 praedicator,
1115 743 1161 771 ta-

416 795 546 837 lemque
575 799 604 826 te
636 804 703 826 csse
736 792 885 835 vulgavit,
910 792 963 836 qui
985 792 1027 825 ita
1047 791 1161 825 Christi

417 847 520 889 gratia
541 846 751 885 redundares,
766 851 799 878 ut
821 845 904 878 inter
919 844 1032 878 mundi
1054 843 1158 877 turbi-

418 911 473 934 nes
494 900 692 942 gubernator
717 899 877 932 Ecclesiae
894 898 1088 943 praecipuus
1105 909 1161 942 ap-

417 964 559 998 pareres.
583 952 814 997 Qua11›1·opter³‚
851 953 949 985 frater
982 951 1158 993 carissime,

419 1018 492 1041 eum
513 1007 553 1040 ad
579 1006 777 1050 provinciam
797 1011 1006 1045 commearet,
1035 1005 1164 1038 sedulo·

419 1071 482 1104 que
513 1061 703 1104 deposceret
733 1064 859 1092 nostras
885 1059 924 1091 ad
956 1058 1161 1092 dilectionem

232 1124 404 1150 :deodignusqui
421 1119 508 1146 tuam
530 1113 653 1146 litteras
676 1112 839 1152 destinari,
860 1117 1023 1153 gratanter
1042 1111 1160 1143 annui-

219 1151 404 1199 iiiiffflfflfflffld*
421 1178 504 1207 mus,
528 1166 582 1210 qui
604 1171 635 1199 et
654 1166 786 1208 dignum
811 1166 875 1198 Deo
899 1175 1050 1198 sermone
1069 1176 1160 1198 com-

420 1219 517 1264 plecti
535 1230 727 1263 cupercmus
748 1218 935 1259 antistitem,
959 1223 989 1251 et
1012 1229 1070 1262 per
1090 1229 1163 1251 euni

420 1274 559 1307 maxime
580 1274 735 1306 vellemus
749 1273 780 1306 id
792 1272 874 1313 lieri,
891 1272 981 1306 cuius
992 1272 1084 1306 nobis
1097 1272 1164 1306 fue-

420 1334 470 1361 rat
482 1327 633 1360 laudibus
645 1327 822 1360 intimatus.
839 1326 989 1365 Quamvis
1003 1337 1081 1369 ergo
1092 1337 1165 1359 san-

420 1381 478 1415 ctis
498 1381 652 1425 operibus
680 1391 717 1413 ex
744 1380 832 1414 omni
849 1386 940 1424 parte
965 1380 1162 1424 praedictam

420 1434 654 1468 fraternitatem
676 1440 761 1467 tuam
783 1434 830 1466 vir
849 1434 1012 1478 praefatus
1032 1435 1161 1467 adstru-

420 1488 517 1529 xerit,
541 1489 744 1531 multumque
770 1487 908 1521 fiduciae
929 1488 968 1521 de
985 1493 1039 1521 tua
1060 1488 1161 1522 bene-

420 1541 563 1575 volentia
583 1541 644 1574 iam
663 1547 796 1582 teneret,
817 1547 925 1575 tamen
945 1552 1084 1585 aequum
1105 1547 1162 1583 est,

421 1600 455 1627 ut
480 1594 567 1638 quod
592 1594 796 1627 desiderabat
818 1595 827 1611 ⁴
852 1605 1061 1638 magnopere,
1082 1605 1162 1628 con-

420 1653 593 1692 sequatur3
614 1652 785 1692 quatenus,
809 1648 863 1691 qui
886 1648 946 1680 tuis
965 1648 1041 1680 olim
1057 1652 1165 1690 gratus

219 1711 322 1756 .n·if.¹'²?.'„'
339 1710 404 1756 :stiffi
420 1706 467 1734 est
486 1700 614 1741 animis,
637 1700 910 1745 contemplatione
924 1700 1025 1733 nostri
1043 1701 1161 1733 redda-

220 1765 301 1802 rjtjmno·
320 1753 353 1782 1‘121}
370 1750 404 1783 ξω·
421 1761 473 1787 tur
494 1754 667 1798 acceptior,
700 1754 861 1798 simulque
887 1760 1033 1787 materna
1058 1760 1086 1787 et
1109 1765 1161 1787 sa-

220 1792 307 1814 '⁸¹'¹'⁰''
419 1806 573 1840 cerdotali
585 1807 806 1840 consolatione
821 1807 965 1839 foveatur
975 1808 995 1847 ⁵,
1013 1807 1161 1850 peregri-

419 1860 624 1904 nationisque
645 1860 842 1904 praesidium
872 1861 1022 1904 pastorali
1046 1861 1163 1904 pietate

420 1914 571 1958 reperiat,
591 1914 775 1947 utvestrae⁰
787 1914 952 1955 dignitatis
964 1914 1079 1947 affectu
1101 1924 1160 1957 ap-

419 1972 531 2011 pareat
548 1968 632 2010 apud
651 1966 867 1999 sinceritatem
890 1972 989 2007 tuam,
1016 1973 1161 2000 nostrum

420 2030 550 2063 quoque
564 2030 628 2052 non
640 2020 809 2052 minimum
823 2019 831 2035 ⁷
848 2019 1017 2053 salutantis
1027 2020 1162 2053 valuisse

457 2129 464 2154 1
486 2128 615 2154 ExMansi
630 2128 739 2155 Concil.
752 2128 865 2155 Collecl.
879 2131 942 2155 tom.
954 2134 998 2158 vn,
1012 2128 1062 2154 col.
1085 2128 1160 2154 ¹⁰59.

453 2173 471 2199 2
490 2172 556 2199 Tres
570 2171 649 2198 codd.
665 2172 725 2198 Vat.
738 2175 846 2199 noster.

453 2218 470 2243 3
489 2217 549 2244 Vat.
566 2216 645 2244 codd.
667 2217 733 2243 1341
757 2220 784 2243 et
806 2216 881 2243 1344.
901 2217 981 2249 Quia.

454 2261 468 2286 t
484 2260 549 2287 (lod.
566 2261 626 2286 Vat.
648 2260 714 2287 1344
730 2260 916 2288 desideravit.

452 2305 469 2331 5
488 2305 546 2331 Vat.
565 2305 625 2331 cod.
653 2305 716 2331 tati
746 2304 810 2340 legit
839 2306 979 2339 foveatur,
1003 2308 1030 2331 nt
1057 2308 1163 2331 restrae

418 2349 572 2383 cl1'9nilalis
587 2349 701 2383 affectu,
718 2349 843 2376 omittens
859 2348 939 2375 verba
954 2348 1107 2383 interiecta,
1119 2357 1163 2376 re-

418 2393 539 2427 fragante
554 2392 617 2419 licet
636 2396 704 2419 orat.
721 2396 857 2419 contextu.

454 2437 470 2463 6
486 2436 578 2463 Urbin.
592 2436 642 2463 149
653 2439 776 2470 ›zoslrcte3
785 2437 833 2464 sed
845 2445 998 2472 perperam,
1010 2436 1161 2464 utvidetur.

455 2481 468 2507 7
485 2481 541 2507 Vnt.
566 2481 633 2506 1344
652 2489 710 2506 non
727 2480 823 2515 parui.

454 2526 470 2552 8
486 2525 558 2551 Hauc
575 2525 715 2560 epistolam
726 2524 808 2551 codex
822 2525 1024 2560 Virodunensis,
1036 2525 1105 2552 unde
1115 2525 1165 2552 fuit

420 2574 563 2605 excerpta,
579 2570 684 2597 Gelasio
704 2570 814 2597 addicit.
838 2570 904 2597 Jass'e
931 2570 1029 2597 dubius
1049 2570 1164 2597 haerens

420 2619 509 2641 utrum
528 2614 561 2641 ad
577 2623 677 2642 annum
698 2614 796 2642 referat
813 2615 871 2648 492ς
894 2615 950 2642 sive
965 2614 1053 2650 potius
1069 2615 1103 2642 ad
1119 2622 1161 2642 an.

936 211 1096 235 API'ENDIX
1118 210 1268 235 BULLARH
1294 211 1414 236 nomm

1967 210 2025 239 An.
2033 210 2064 238 C.
2080 210 2132 238 ⁴90

1195 259 1404 303 colloquium.
1422 260 1504 292 Deus
1525 264 1554 292 te
1568 260 1751 292 incolumen
1762 258 1929 299 custodiat,

1196 313 1294 345 frater
1314 312 1488 346 carissime.

1239 367 1305 399 Dat.
1327 377 1400 399 ann.
1426 366 1559 398 incerto.

1407 577 1591 611 EPISTULA
1626 577 1689 610 XlV
1703 578 1722 609 ⁸.

1196 685 1346 717 Suetonii
1359 684 1479 716 vib-tute
1498 687 1757 722 commemorata,
1778 683 1936 716 vizaaeimo-

1239 756 1312 788 pere
1340 745 1435 782 dolet,
1462 745 1548 788 quod
1577 744 1634 776 ille
1661 755 1734 776 enm
1766 744 1936 776 haereticis

1240 808 1509 842 aommunicmulo
1523 808 1563 840 ab
1577 809 1647 851 ipsa
1660 808 1837 848 desciverit,
1848 817 1936 840 cum-

1240 872 1375 915 demque
1400 872 1442 904 ad
1464 872 1643 915 pristinam
1672 872 1796 914 fraqem
1829 875 1934 903 retra-

1242 935 1314 967 here
1334 934 1507 967 contendit.

1346 1033 1426 1061 Felix
1444 1033 1588 1061 Succonio
1604 1033 1745 1067 Episcopo
1755 1039 1778 1059 ε’.

1242 1115 1320 1147 Cum
1349 1120 1420 1147 tuae
1441 1113 1624 1147 dilectionis
1647 1113 1677 1146 in
1705 1113 1826 1146 Christo
1855 1123 1935 1146 con·
1980 1121 2137 1143 sncconnvir-

1198 1167 1347 1200 stantiam
1372 1167 1614 1210 ferventemque
1645 1166 1824 1200 doctrinam
1857 1151 1995 1200 cele-‘¹¹⁵'

1199 1220 1341 1253 berrima
1357 1220 1546 1264 loqueretur
1566 1219 1688 1263 opinio,
1712 1219 1776 1253 diei
1796 1230 1861 1253 non
1874 1230 1936 1263 po-

1199 1279 1270 1314 test,
1294 1273 1421 1317 quantis
1442 1273 1567 1316 gaudiis
1588 1272 1799 1306 exultavimus
1820 1273 1852 1306 in
1871 1273 1936 1306 Do-

1200 1328 1300 1369 mino,
1331 1328 1418 1372 quod
1439 1338 1492 1360 vas
1512 1326 1678 1370 egregium
1698 1326 1773 1360 belli
1796 1333 1939 1371 tempore

1200 1382 1336 1414 maxime
1362 1381 1567 1424 profuturum
1590 1380 1697 1413 divina
1719 1379 1820 1422 gratia
1841 1390 1936 1424 prae-

1198 1439 1359 1478 parasset3
1378 1439 1472 1477 teque
1492 1433 1572 1466 votis
1593 1433 1743 1467 omnibus
1763 1433 1941 1468 ambientes

1199 1493 1229 1521 et
1257 1487 1349 1531 quasi
1370 1486 1516 1520 cominus
1534 1486 1741 1520 constitutum
1771 1492 1838 1520 toto
1868 1497 1940 1520 cor-

1199 1541 1247 1575 dis
1274 1541 1390 1575 affeetu
1418 1540 1655 1574 comitabamur
1679 1541 1855 1574 absentem.
1879 1541 1941 1575 Sed

1200 1594 1281 1628 tristi
1313 1594 1421 1627 subito
1459 1604 1592 1627 rumore
1624 1594 1768 1638 percussi
1800 1599 1941 1627 conster-

1199 1653 1272 1681 nata
1303 1648 1440 1680 fatemur
1466 1652 1573 1680 mente
1598 1647 1815 1686 concidimus,
1839 1647 1941 1680 haesi-

1200 1711 1335 1744 musque
1362 1700 1418 1733 diu
1443 1706 1550 1733 utrum
1574 1701 1613 1733 ad
1645 1700 1833 1733 charitatem
1852 1706 1940 1734 tuam

1199 1754 1356 1798 superbis
1382 1754 1504 1787 litteras
1523 1754 1739 1790 mitteremus:
1764 1764 1837 1786 nam
1851 1753 1942 1798 loqui

1199 1807 1391 1851 prohibebat
1417 1808 1525 1848 dolor,
1555 1813 1660 1840 tacere
1681 1807 1795 1841 Christi
1815 1806 1942 1840 affectio

1199 1871 1263 1893 non
1295 1860 1430 1893 sinebat.
1459 1861 1544 1893 Inter
1575 1860 1633 1893 ista
1662 1861 1853 1893 fluctuantes
1869 1860 1942 1893 vicit

1198 1913 1305 1946 divina
1315 1913 1461 1953 scientia,
1473 1925 1537 1957 qua
1550 1919 1616 1946 toto
1626 1913 1859 1957 scripturarum
1872 1923 1942 1946 cor-

1199 1978 1277 2011 pore
1290 1967 1516 2010 perdocemur,
1524 1966 1631 2010 aliqua
1642 1966 1855 1999 tentationum
1867 1966 1942 1999 sub-

1198 2020 1343 2063 reptione
1364 2020 1409 2054 sic
1429 2026 1620 2064 praeventos
1652 2020 1806 2053 charitate
1841 2020 1941 2054 libera

1197 2126 1248 2153 493
1263 2126 1345 2153 citato
1363 2126 1446 2153 codici
1468 2126 1611 2153 consentit.
1633 2126 1752 2154 Mass'eius
1768 2130 1858 2153 autern
1879 2135 1940 2154 cum

1197 2171 1256 2197 aliis
1285 2179 1344 2197 eam
1368 2171 1447 2197 Felici
1469 2170 1593 2198 vindicat.
1612 2171 1701 2206 lnquit
1716 2171 1788 2198 enim
1809 2182 1821 2196 «
1837 2171 1873 2198 Ex
1891 2172 1942 2199 484

1197 2215 1329 2242 Africanis
1345 2216 1480 2252 episeopis
1500 2221 1563 2242 tunc
1581 2215 1691 2249 coactis,
1713 2215 1783 2242 bunc
1798 2217 1847 2249 (sc.
1870 2216 1938 2243 Suc-

1196 2259 1315 2291 conium)
1332 2259 1401 2286 inter
1416 2268 1461 2287 eos
1488 2261 1522 2287 28
1537 2260 1630 2294 fuisse,
1647 2260 1693 2296 qui
1709 2261 1771 2296 fuga
1786 2269 1815 2288 se
1830 2260 1941 2288 Ariano-

1197 2313 1255 2332 rum
1266 2305 1446 2340 persecutioni
1463 2305 1659 2339 subduxerunt,
1675 2314 1746 2332 nunc
1761 2305 1898 2333 discimus.
1910 2306 1943 2333 At

1197 2357 1256 2375 cum
1281 2357 1350 2375 anno
1374 2349 1427 2376 484
1450 2358 1482 2376 ea
1502 2349 1565 2383 fuga
1580 2350 1711 2384 evenerit,
1732 2358 1871 2385 quumque
1887 2358 1941 2377 non

1198 2393 1280 2419 multo
1297 2396 1357 2428 post
1376 2393 1478 2428 scripta
1499 2393 1621 2420 rideatur
1640 2393 1767 2429 epistola,
1786 2393 1865 2420 Felici
1891 2393 1939 2420 tri-

1198 2436 1331 2464 buendam
1353 2437 1485 2470 existimo,
1513 2438 1558 2473 qui
1582 2438 1650 2464 sedit
1673 2446 1758 2473 usque
1784 2437 1817 2464 ad
1842 2445 1941 2464 annum

1198 2481 1249 2508 492
1262 2492 1287 2508 n,
1313 2481 1399 2517 Migne
1414 2482 1523 2510 Paci-ol.
1545 2485 1610 2509 tom.
1628 2488 1701 2514 evm,
1721 2482 1772 2509 eol.
1793 2482 1855 2509 967.
1875 2482 1940 2514 Qui-

1198 2526 1248 2553 bus
1276 2526 1389 2553 sortasse
1414 2526 1538 2553 addenda
1554 2530 1594 2554 est
1613 2526 1673 2562 styli
1688 2526 1873 2561 consonantia,
1895 2526 1941 2562 qui

1199 2571 1293 2598 Felicis
1309 2571 1437 2606 epistolas
1452 2571 1597 2607 plurimum
1613 2571 1690 2607 sapit.

1232 2615 1248 2642 9
1263 2614 1302 2642 ΑΙ.
1324 2615 1417 2650 legunt
1434 2615 1579 2644 Sacconio.
