2244 3183
79 234 128 262 An.
149 231 178 259 C.
194 230 247 258 459

297 277 376 311 Item
393 277 533 311 eiusdem
551 278 586 310 in
603 277 670 311 ulta
693 277 828 320 epistola
845 277 997 321 paschali

348 336 460 366 contra
481 330 662 374 Origscncm,
684 332 768 363 inter
781 335 907 364 caetera
921 330 940 363 ¹.

320 403 407 436 Unus
420 402 519 436 Filius
537 402 648 443 Patris,
673 402 839 446 nostrique
860 402 1020 435 mediator

97 497 115 501 ..
137 469 260 495 rumonim,
276 467 335 489 nec
356 456 582 499 aequalitatem
606 456 673 489 eius
698 455 817 495 amisit,
842 466 900 488 nec
918 465 936 488 a
956 465 1017 488 uo-

78 497 261 554 ξὲἷῖῗᾊέῗῖιὶηἷζῗζῖ
276 515 342 542 stro
367 509 530 542 consortio
558 514 724 552 separatus
753 515 818 548 cst3
853 508 1021 541 invisibilis

79 552 260 604 fiii'aiss'ni‘ssiitiissw
275 563 370 603 Deus,
393 569 424 596 et
443 562 576 596 visibilis
596 562 706 602 homo,
734 563 837 595 l'orma
857 562 938 595 servi
959 562 1018 595 al)-

276 616 441 649 sconditus
458 616 487 656 ²,
511 622 544 649 et
562 615 718 649 Dominus
743 615 865 657 gloriae
891 615 1018 648 conses-

276 670 367 702 sione
401 669 605 702 credeutium
636 669 877 712 comprobatus.
912 668 1022 711 Neque

277 723 363 756 enim
377 723 513 767 privavit
530 733 602 755 eum
620 723 714 756 Pater
729 728 862 756 naturae
876 732 952 755 suae
965 732 1022 754 uo-

278 777 376 817 miue,
399 783 570 820 postquam
592 786 650 820 pro
668 775 761 809 nobis
775 776 885 816 homo,
903 780 933 808 et
944 786 1023 819 pau-

277 841 336 874 per
361 830 492 863 effectus
521 836 586 870 est,
618 840 677 863 nec
705 829 735 862 in
763 830 900 863 Iordane
925 829 1022 862 ssuvio

277 884 472 928 baptizatum
486 884 587 917 altero
597 884 770 928 appellavit
780 884 950 924 vocabulo,
966 884 1022 916 sed

278 938 395 971 Filium
404 937 622 979 unigenitum:
646 938 672 970 Τ
672 949 691 970 ιι
708 949 739 970 es
750 938 779 970 F
777 938 853 970 ilius
871 948 957 970 meus
974 937 1023 970 cli-

279 991 387 1032 lectus‚
409 993 444 1024 in
454 1002 513 1035 quo
527 992 609 1024 milti
621 992 696 1025 bene
708 992 719 1008 ⁸
732 992 912 1035 complacui
922 991 942 1024 ⁴.
958 991 1022 1024 Nec

278 1045 456 1079 similitudo
467 1051 576 1078 nostra
598 1045 629 1077 in
650 1045 829 1078 Divinitatis
843 1050 1022 1079 estmutata

278 1105 445 1140 naturam,
469 1110 530 1133 nec
554 1099 708 1133 Divinitas
728 1099 760 1132 in
781 1104 910 1133 nostrae
930 1105 1023 1132 natu-

278 1164 333 1187 rae
352 1164 444 1186 versa
461 1159 505 1187 est
527 1153 784 1186 similitudinem.

92 1054 114 1075 lu
121 1053 203 1074 Christo
212 1057 263 1081 neu-

79 1083 111 1101 tra
138 1081 214 1100 natura
243 1084 263 1098 ιη

58 1117 62 1120 -
79 1107 263 1129 atiumeonmrsa.

353 1244 386 1277 S.
416 1244 564 1287 Greslorit'
586 1245 723 1287 episcopi
743 1243 947 1277 Nazianzeni

279 1297 313 1330 in
338 1296 485 1330 Homitta
501 1297 538 1329 tle
557 1297 758 1340 Epiphania,
779 1297 866 1330 inter
882 1301 1018 1330 caetera.

323 1376 402 1411 Cum
417 1387 494 1419 ergo
507 1377 715 1421 processisset
729 1369 766 1410 eii
782 1376 910 1419 Virgine
923 1376 1018 1417 Deus,

279 1431 311 1464 in
325 1441 373 1471 ea,
386 1441 482 1474 quam
495 1436 722 1474 assumpserat,
736 1431 878 1463 humana
891 1436 1018 1471 natura,

277 1495 378 1517 unum
400 1495 416 1517 e
437 1484 563 1517 duobus
587 1484 647 1517 sibi
662 1484 673 1499 ⁵
695 1484 830 1517 invicem
852 1483 1022 1517 contrariis

278 1538 415 1571 existens
432 1548 527 1570 carne
549 1543 578 1570 et
599 1537 725 1581 spiritu,
753 1537 840 1570 aliud
859 1537 890 1569 in
904 1536 1023 1570 Deum⁶

278 1591 462 1632 assumitur,
489 1591 577 1624 aliud
598 1590 725 1624 deitatis
745 1590 848 1633 gratia
868 1596 1019 1634 praestat.

81 1428 123 1449 Hor.
133 1428 261 1449 declaratur.

546 1681 626 1713 Item
649 1681 754 1723 infra.

323 1760 434 1794 Missus
455 1765 501 1793 est
524 1759 675 1804 quidem,
698 1760 754 1793 sed
775 1765 810 1793 ut
829 1760 938 1794 homo.
959 1760 1022 1793 Du-

280 1815 353 1858 plex
374 1814 459 1847 enim
481 1820 549 1846 erat
570 1813 602 1846 in
623 1823 661 1846 eo
682 1819 808 1846 natura.
837 1814 914 1847 Inde
935 1813 1024 1846 deni-

281 1878 344 1911 que
365 1873 393 1900 et
414 1866 572 1900 laboravit
592 1877 630 1900 ex
651 1866 776 1907 itincre,
805 1866 879 1900 inde
900 1872 929 1900 et
951 1877 1024 1900 esu-

281 1920 344 1961 riit,
368 1926 399 1953 et
418 1920 528 1961 sitivit,
544 1925 574 1953 et
587 1919 794 1953 contristatus
812 1926 868 1961 est,
891 1926 921 1953 et
939 1920 1025 1953 flevit

280 1974 414 2007 humani
435 1974 580 2018 eorporis
597 1974 678 2016 lege.

96 1802 189 1823 Christus
197 1800 266 1827 passi-

83 1828 264 1858 bilispropterhu-

82 1858 210 1877 manitatem.

317 2110 327 2136 1
347 2109 396 2145 Ep.
413 2109 458 2143 96,
475 2116 550 2135 num.
568 2108 584 2134 3
604 2108 675 2142 Opp.
691 2107 720 2135 S.
739 2107 861 2135 Hieron.

315 2159 332 2185 2
350 2158 460 2186 llieron.
474 2158 539 2185 edit.
553 2166 614 2184 cum
629 2158 702 2190 Yat„
720 2156 794 2192 llisp.
811 2160 838 2183 et
849 2155 1026 2184 lsid.addunt

281 2202 332 2226 est.

316 2249 333 2275 3
349 2248 419 2274 Edit.
442 2247 550 2275 llieron-
572 2246 665 2274 delent
681 2246 758 2274 bene.
776 2247 851 2273 luxta
862 2246 938 2281 Vulg.

317 2299 333 2325 4
352 2298 445 2325 Mattli.
462 2304 500 2332 tu,
523 2298 566 2330 173
582 2296 663 2323 Marc.
681 2304 701 2330 1,
719 2298 761 2329 113
778 2296 841 2323 Luc.
858 2303 897 2331 tu,
913 2296 957 2323 ⁶22.

317 2348 334 2375 5
347 2348 444 2375 Plures
460 2346 539 2374 codd.
557 2346 649 2373 delent
662 2345 728 2373 sibi.

317 2398 334 2424 6
350 2397 405 2424 Duo
420 2396 507 2424 Vatie.
524 2399 551 2423 et
565 2395 652 2431 prima
668 2395 734 2422 edit.
752 2403 842 2422 unum
866 2396 899 2423 in
919 2395 1024 2422 Deum.

318 2447 332 2473 7
348 2446 398 2476 Qui
414 2445 484 2472 hanc
499 2444 579 2480 epist.
594 2453 608 2470 e
625 2452 690 2471 mss
708 2444 770 2471 lsid.
792 2452 823 2471 ac
839 2444 950 2480 llispan.
963 2444 1026 2472 Gal-

283 2495 386 2522 licanae
409 2494 521 2530 originis
541 2493 716 2527 derivarunt,
743 2492 844 2520 liabent
867 2493 897 2520 S.
923 2493 1026 2520 Sabini

927 232 951 254 S.
977 230 1034 254 LEO
1059 231 1067 254 1
1094 231 1138 254 PP.

1699 219 1762 254 185

1134 279 1168 312 S.
1187 279 1308 312 Basilia·
1320 279 1457 322 episcopi
1477 278 1678 321 Cappadocis
1691 278 1712 310 ⁷.

1098 350 1174 383 Cum
1202 361 1279 392 ergo
1304 351 1463 394 quaedam
1487 350 1518 382 iu
1538 349 1666 383 Christo
1687 349 1731 382 ita
1752 349 1796 381 ri-

1055 404 1168 436 demus
1188 404 1340 443 lmmaua,
1358 410 1392 436 ut
1406 403 1484 436 nihil
1498 414 1515 436 a
1528 403 1693 436 communi
1708 413 1797 435 mor—

1057 457 1167 489 talium
1189 457 1360 498 fragititate
1374 457 1491 490 distare
1505 457 1685 497 videantur,
1701 467 1798 500 quae-

1056 510 1128 542 dam
1156 510 1199 542 ita
1219 510 1326 542 divina
1345 512 1366 550 ⁸,
1395 521 1476 553 quae
1497 510 1577 543 nulli
1598 510 1651 542 alii
1673 510 1733 542 nisi
1752 510 1798 541 illi

1056 563 1354 596 ineflabiliuaturae
1365 563 1555 597 conveniant
1567 563 1707 599 deitatis:
1726 563 1799 595 liae-

1057 623 1104 650 ret
1124 616 1257 650 humani
1278 616 1459 649 intellectus
1473 617 1632 659 angustia,
1648 623 1678 650 et
1695 622 1799 649 tauta-³

1057 669 1280 703 admirationis
1305 675 1437 713 stupore
1461 680 1628 713 pereussa,
1653 680 1717 713 quo
1739 670 1796 702 de—

1057 723 1163 763 clinet,
1177 722 1255 766 quid
1266 727 1382 761 teneat,
1404 732 1468 765 quo
1479 733 1511 755 se
1522 727 1696 763 convertat,
1710 722 1800 763 igno-

1057 782 1116 809 rat.
1141 776 1172 810 Si
1193 775 1360 809 hominem
1380 781 1473 818 putet
1490 775 1512 816 ⁹,
1542 775 1666 808 devicto
1687 775 1800 807 mortis

1057 840 1170 872 regno,
1194 840 1267 862 eum
1282 829 1394 873 spoliis
1414 829 1603 862 redeuntem
1625 839 1641 860 a
1666 828 1801 861 mortuis

1058 884 1170 917 cernit.
1187 884 1323 927 Propter
1336 883 1423 926 quod
1439 893 1511 915 cum
1525 882 1613 915 omni
1635 887 1722 914 metu
1735 881 1758 898 ¹⁰
1771 887 1799 913 et

1057 937 1236 970 reverentia
1257 936 1542 980 contemplandum
1557 941 1614 975 est,
1635 942 1669 968 ut
1691 935 1721 967 iu
1735 945 1801 967 uuo

1057 992 1238 1035 eodemque
1264 991 1307 1023 ita
1329 991 1498 1033 utriusque
1528 996 1663 1023 naturae
1686 989 1801 1021 veritas

1056 1046 1308 1085 demonstretur,
1329 1050 1364 1077 ut
1377 1055 1483 1087 neque
1492 1043 1615 1087 aliquid
1633 1043 1800 1085 iudignum

1057 1098 1249 1132 etindecens
1259 1098 1297 1131 de
1309 1097 1479 1131 diriuailla
1500 1102 1531 1130 et
1551 1096 1705 1129 ineffabili
1725 1096 1800 1128 sul»-

1056 1152 1173 1186 stantia
1182 1152 1350 1191 sentiatur,
1363 1162 1469 1195 neque
1482 1161 1625 1190 rursum,
1642 1160 1726 1193 quae
1740 1150 1799 1182 hu-

1057 1205 1197 1239 manitus
1210 1205 1230 1222 ¹¹
1245 1210 1335 1248 gesta
1355 1210 1440 1245 sunt,
1464 1204 1549 1237 salsis
1570 1203 1663 1237 illusa
1681 1202 1798 1244 imagi-

1057 1261 1151 1293 nibus
1176 1259 1398 1293 aestimentur.

1124 1350 1156 1384 S.
1179 1349 1296 1393 Cyrz'llc'
1313 1349 1453 1392 episcopi
1469 1346 1734 1382 Aleoectmlrim'¹².

1101 1430 1204 1462 Homo
1229 1428 1414 1462 nominatus
1443 1434 1506 1468 est,
1535 1437 1606 1460 eum
1626 1426 1665 1460 sit
1685 1431 1801 1458 natura

1057 1485 1150 1524 Deus,
1160 1483 1214 1516 Dei
1224 1482 1325 1516 Patris
1335 1481 1512 1521 Verbum¹⁸,
1525 1480 1678 1525 quoniam
1690 1479 1802 1512 simili-

1059 1543 1105 1570 ter
1115 1542 1149 1570 ut
1160 1547 1218 1569 nos
1230 1535 1377 1578 sanguini
1390 1533 1639 1567 communicavit
1658 1539 1686 1566 et
1698 1533 1798 1565 carni.

1057 1590 1108 1624 Sic
1129 1590 1215 1622 enim
1237 1589 1269 1621 in
1284 1589 1375 1622 terris
1388 1587 1548 1632 apparuit,
1571 1597 1634 1620 non
1654 1586 1802 1619 amittens

1058 1644 1090 1677 id
1111 1643 1198 1688 quod
1216 1648 1302 1683 erat,
1326 1643 1381 1675 sed
1410 1651 1575 1675 assumens
1596 1639 1802 1673 humanitatis

1058 1703 1207 1731 naturam
1229 1697 1262 1729 in
1283 1707 1340 1729 sua
1357 1695 1483 1729 ratione
1503 1695 1692 1739 perfectam.

1103 1787 1183 1819 Item
1206 1784 1345 1818 eiusdem
1365 1786 1401 1817 itt
1422 1784 1513 1823 libro,
1538 1784 1594 1826 que?
1615 1783 1754 1815 dicitur:

1114 1839 1239 1872 Scholia
1259 1839 1296 1871 dc
1322 1838 1550 1871 incarnatione
1571 1836 1746 1879 Um'gscm'ti.

1104 1920 1191 1953 Unus
1218 1918 1316 1961 igitur
1336 1924 1383 1951 cst
1403 1923 1433 1951 et
1453 1922 1526 1950 ante
1547 1915 1801 1949 incarnationem

1059 1974 1142 2007 Deus
1162 1984 1266 2014 verus,
1283 1977 1315 2006 et
1334 1972 1389 2016 qui
1411 1971 1443 2005 in
1464 1970 1665 2005 humanitate
1687 1969 1803 2003 mansit.

1060 2107 1219 2142 dobonensi,
1230 2106 1397 2141 caeterisque
1409 2105 1492 2140 antiq.
1508 2104 1600 2138 codd,
1616 2104 1660 2131 ubi
1676 2112 1728 2131 nou
1749 2105 1802 2131 Sa-

1061 2150 1133 2183 bini,
1144 2150 1193 2177 sed
1208 2149 1318 2176 Basilii
1330 2156 1427 2175 nomen
1443 2146 1627 2174 tantummodo
1639 2146 1800 2182 praefertur.

1095 2196 1110 2221 8
1127 2194 1184 2221 Vat.
1203 2193 1262 2221 cod.
1282 2201 1341 2220 cum
1362 2192 1441 2227 prim.
1465 2191 1530 2217 edit.
1547 2194 1576 2218 ut
1592 2191 1676 2218 nulli.

1095 2240 1111 2266 9
1131 2238 1205 2275 Apud
1222 2237 1381 2269 Quesn‹ell.e
1393 2236 1452 2264 cod.
1466 2236 1550 2263 Oxou.
1568 2239 1662 2263 contra
1677 2235 1801 2262 auctorit.

1061 2283 1213 2310 Vindobou.
1231 2282 1300 2309 etal.
1318 2281 1396 2309 codd.
1410 2280 1527 2308 additur:
1545 2281 1579 2308 Si
1594 2281 1686 2307 Deum
1703 2283 1800 2315 putat,

1060 2328 1231 2362 crudfiwum
1243 2327 1464 2360 contemplatur.

1098 2372 1130 2399 10
1145 2371 1217 2398 I‘lur.
1233 2370 1311 2398 codd.
1331 2371 1423 2398 nimio
1432 2373 1515 2398 metu.
1529 2369 1597 2396 Sane
1613 2377 1764 2404 perperam.

1099 2417 1126 2443 ¹1
1145 2416 1197 2442 Alii
1213 2415 1292 2443 codd.
1310 2414 1400 2441 delent
1412 2413 1669 2441 huma›1it1‹s.tttate
1681 2413 1800 2448 quidem.

1098 2462 1129 2488 12
1150 2463 1225 2487 Orat.
1241 2460 1257 2486 ⁹2
1269 2459 1301 2486 de
1317 2463 1389 2486 ret-ta
1407 2459 1458 2486 fide
1473 2459 1506 2486 ad
1521 2458 1620 2493 regin„
1638 2467 1660 2484 c.
1678 2460 1704 2485 9.

1099 2506 1129 2532 13
1150 2506 1242 2532 Homo
1254 2507 1400 2538 natusest,
1415 2512 1478 2531 cum
1498 2504 1536 2531 sil
1556 2506 1663 2530 natura
1683 2503 1732 2530 Dei
1747 2503 1797 2529 Pa-

283 2544 417 2579 EPiSCOPi
427 2543 614 2578 Cappatlocis;
626 2547 651 2570 Εἴ
663 2543 688 2569 ῐῐῑ
705 2542 764 2569 COd·
777 2542 834 2569 VM·
852 2541 904 2569 543
919 2542 1024 2577 logiffls?
1042 2556 1043 2573 t
1061 2551 1115 2578 tris
1141 2550 1258 2576 Verbum
1278 2548 1304 2575 iu
1324 2549 1381 2575 solo
1398 2548 1458 2575 cod.
1476 2547 1626 2575 Vindobou.
1649 2547 1698 2573 Atii
1722 2547 1801 2574 codd.

284 2594 314 2621 S.
339 2592 445 2620 Basilii
471 2592 674 2627 Cappadocem
698 2591 804 2619 Sabini
831 2590 973 2626 EPiSCOPl'·
997 2591 1027 2617 Ᾱῑ
1062 2596 1150 2622 Homo
1172 2594 1336 2621 novu'natus
1356 2596 1406 2628 cst,
1422 2601 1484 2620 cum
1506 2593 1543 2620 sit
1560 2596 1667 2619 natura
1683 2592 1802 2619 Dcil‘a-

285 2649 438 2677 perperam,
455 2641 492 2669 uti
507 2645 580 2676 patet
592 2649 623 2668 ex
641 2640 821 2668 vetustissimo
845 2639 1027 2675 exeiupl.Vin-
1063 2639 1114 2667 tris
1139 2639 1270 2666 Verbum.

351 2696 426 2730 App.
448 2695 524 2723 Ball.
541 2696 624 2723 Rom.
647 2711 677 2713 ἢ
699 2694 759 2724 Vol.
777 2694 799 2721 I.
941 2692 975 2720 24

1828 229 1878 256 Au.
1899 229 1928 255 C.
1945 230 1997 257 450

1833 344 1853 363 lu
1866 344 1910 369 ipso
1921 345 1997 364 utrm<-

1812 376 1852 395 :tu-J
1867 374 1955 390 natm-tu
1966 377 1998 389 ιι*-

1812 400 1864 417 ritas
1880 398 1997 417 tetum-uda.

1828 1421 1910 1442 Etenim
1919 1426 1955 1446 per
1965 1421 2001 1441 lm·

1815 1448 2000 1473 manitatemquotl

1816 1478 1860 1496 erat
1871 1481 1911 1494 nou
1922 1477 1999 1494 auum.
