2244 3183
92 213 141 241 An.
160 212 190 241 G.
210 212 262 240 449

137 382 205 402 secus
220 380 277 401 Cliri-

93 409 137 428 stus
152 408 191 428 Dei
212 407 277 427 hoini-

93 440 185 460 numquc
198 434 278 454 media-

92 463 126 482 tur
140 467 181 482 uon
192 463 254 482 esset.

133 1071 178 1093 Non
193 1072 244 1093 satis
259 1071 279 1093 in

94 1098 174 1146 ῗὸγὲοῗο
184 1099 278 1147 {lx-ptora-

95 1131 183 1173 mfflpffivc
201 1132 218 1147 ts
224 1131 278 1147 com-

121 1551 194 1578 Neque
204 1550 280 1572 Christi

96 1584 166 1599 anima
186 1583 281 1604 eorporis

96 1605 141 1625 eius
159 1605 281 1631 conceptio-

95 1637 142 1652 nom
173 1632 281 1655 necessit,

95 1664 135 1679 nec
143 1658 156 1679 il
167 1658 198 1678 ius
204 1663 280 1684 corpus

96 1690 121 1705 u
149 1684 214 1706 nihilo
242 1685 281 1706 tun

96 1713 197 1733 creatum.

949 212 974 236 S.
1003 212 1065 236 LEO
1087 213 1096 236 1
1117 213 1167 237 pp,
1733 208 1775 241 43

293 261 509 305 permixtione
526 260 690 301 confusus,
707 271 763 293 nec
783 260 860 293 alter
877 271 910 294 ex
930 260 1032 301 Patre,

293 315 373 348 alter
396 325 432 348 ex
457 315 572 350 Matre:
597 314 653 348 sed
677 313 762 346 idem
779 313 870 347 aliter
887 324 923 346 ex
943 314 1035 347 Patre

293 373 367 402 ante
392 379 487 402 omne
507 368 512 384 ¹
536 367 738 411 principium,
758 366 850 400 aliter
874 366 913 400 de
937 367 1034 400 Matre

293 422 326 454 in
351 422 416 455 sine
440 421 661 461 saeculorum,
698 426 732 453 ut
760 426 843 453 esset
878 420 1035 452 mediator

292 475 353 508 Dee?
376 480 405 508 et
429 476 599 508 hominum
623 475 716 507 homo
741 474 827 506 Iesus
852 473 998 507 Christus
1010 474 1032 513 ²,

293 528 326 561 in
344 538 407 572 quo
424 527 615 561 inhabitaret
632 527 642 543 ⁸
655 527 825 570 plenitudo
841 527 1034 560 Dirim'totis

293 582 507 625 corporaliter
531 582 553 621 ⁴,
574 581 649 624 quia
674 581 842 624 assumpti,
868 591 931 613 non
948 591 1034 614 assu-

292 635 408 668 mentis
433 635 595 678 provectio
616 640 683 673 est,
710 633 796 676 quod
826 634 910 667 Deus
940 634 1031 666 illum

293 687 452 721 exaltavit
468 714 476 727 ‚
502 692 529 720 et
555 687 689 720 (tenurit
713 687 766 719 illi
790 697 926 726 nomen,
952 688 1035 731 quod

292 745 336 774 est
360 750 455 784 super
474 750 567 773 omno
592 750 730 773 nomen:
769 744 802 772 ut
835 741 870 772 in
903 742 1035 773 nomine

292 793 365 826 Iesu
393 804 486 826 omno
509 794 743 836 qenusscctotur
760 793 957 833 caelestium,
974 797 1035 825 ter-

293 848 442 880 restrium
463 851 491 880 et
516 848 734 890 infernorum,
753 851 780 880 et
798 848 904 879 omnis
918 847 1032 889 linquo

293 902 493 944 confiteatur,
503 901 657 944 quoniam
670 901 829 934 Dominus
842 900 929 933 Iesus
944 900 1034 934 Chri-

293 958 358 987 stus·
381 954 392 970 ⁵
417 955 452 986 in
477 954 585 997 ylorz'a
606 958 650 987 est
674 954 734 987 Dei
758 954 869 987 Patris
893 953 912 986 ⁶.

338 1008 410 1042 CAP.
439 1008 489 1042 ΙΙΙ.
518 1009 553 1041 In
574 1018 611 1041 eo
634 1018 709 1042 vero
724 1007 810 1051 quod
829 1008 987 1052 Eutyches
1003 1007 1035 1040 in

294 1061 467 1106 episcopali
494 1061 614 1095 iudicio
640 1072 736 1095 ausus
761 1066 808 1094 est
829 1061 945 1102 dicere,
962 1067 1035 1095 ante

294 1115 547 1149 incarnationem
561 1116 640 1149 duas
665 1115 697 1148 in
718 1114 841 1149 Christo
865 1114 961 1149 fuisse
982 1125 1037 1148 na-

294 1174 382 1202 turas
396 1197 404 1210 ,
429 1175 501 1213 post
524 1169 776 1204 incarnationem
794 1175 911 1211 autem,
928 1180 1036 1209 unamj,

296 1221 513 1257 necessarium
546 1222 668 1263 suerat,
701 1229 735 1256 ut
765 1223 805 1255 ad
838 1222 1035 1257 reddendam

295 1275 450 1309 rationem
477 1275 684 1319 professionis
704 1287 780 1310 suae
801 1276 917 1310 crebris
941 1282 1036 1320 atque

296 1328 441 1363 sollicitis
466 1328 609 1362 iudicum
646 1330 952 1373 interrogationibus
984 1341 1036 1364 ur-

295 1388 444 1426 geretur3
477 1393 518 1416 ne
545 1382 554 1398 ⁷
580 1388 742 1427 tamquam
784 1384 878 1417 inane
913 1384 1035 1428 aliquid

296 1435 549 1478 praeterflueret,
578 1438 665 1480 quod
689 1447 753 1470 non
776 1437 837 1471 nisi
865 1437 902 1470 de
920 1437 1035 1471 haustu

295 1493 525 1522 venenatorum
551 1488 736 1532 dogmatum
762 1490 934 1534 apparebat
959 1490 1036 1523 effu-

296 1551 366 1574 sum
383 1541 404 1574 ⁸.
425 1541 568 1575 Arbitror
578 1542 661 1575 enim
685 1542 756 1575 talia
775 1543 957 1586 loquentem
976 1544 1035 1577 hoc

295 1593 415 1628 habere
439 1605 645 1638 persuasum,
673 1596 759 1638 quod
785 1595 912 1636 anima,
940 1607 1035 1640 quam

295 1647 439 1681 Salvator
456 1648 647 1692 assumpsit,
686 1649 773 1692 prius
798 1649 829 1682 in
866 1649 961 1683 caelis
996 1649 1034 1682 sit

296 1706 505 1743 commorata,
533 1713 630 1746 quam
654 1703 692 1736 de
718 1702 815 1736 Maria
833 1703 963 1746 Virgine
981 1714 1037 1736 na-

295 1760 449 1796 sceretur,
478 1765 613 1799 eamque
637 1755 698 1788 sihi
723 1756 864 1790 Verbum
888 1757 920 1790 in
946 1763 1036 1791 utero

295 1809 460 1852 copularet
479 1808 499 1841 ¹³.
524 1808 585 1842 Sed
620 1809 681 1842 hoc
714 1810 889 1844 catholicae
915 1817 1037 1845 mentes

296 1871 453 1905 auresque
478 1872 543 1896 non
567 1863 705 1896 tolerant
718 1863 756 1896 ¹⁰:
784 1863 862 1907 quia
885 1864 964 1898 nihil
990 1875 1037 1898 se-

297 1925 370 1949 cum
394 1915 548 1948 Dominus
578 1916 617 1949 de
642 1916 729 1950 caelo
755 1917 885 1950 veniens
909 1924 1036 1952 nostrae

296 1968 489 2002 conditionis
513 1968 672 2009 exhibuit,
698 1981 756 2004 neo
778 1970 916 2005 animam
936 1972 1033 2013 enim,

332 2067 343 2093 1
364 2074 376 2091 ι
392 2066 468 2092 Idem
489 2065 548 2092 cod.
570 2065 644 2093 delet
662 2075 741 2094 omne
760 2078 782 2094 ›>.
804 2067 929 2096 Ballerin.
946 2069 963 2096 Ι.
981 2078 1004 2096 e.

294 2109 373 2173 lega}
386 2109 456 2137 Tim.
473 2117 501 2145 Η,
516 2110 542 2145 5,
566 2110 612 2138 ubi
636 2111 706 2146 vulg.
729 2111 794 2139 edit.
819 2112 881 2148 tegit
906 2113 1037 2142 Christus

330 2186 347 2213 3
366 2166 382 2210 «⁸
394 2185 458 2213 Cod.
475 2185 534 2213 Vat.
546 2185 598 2213 544
613 2187 789 2215 habitaret·.
803 2187 921 2216 Caeciar.
933 2197 959 2225 p.
975 2190 1033 2218 136.

330 2226 346 2252 4
362 2226 464 2253 Coloss.
482 2232 510 2259 u,
526 2226 553 2253 9.

331 2266 348 2294 5
364 2275 376 2292 ι
398 2266 457 2293 Duo
473 2266 553 2294 codd.
571 2267 663 2295 delent
680 2267 808 2296 Christus
819 2278 843 2296 ι.
860 2269 960 2297 Baiter.
977 2270 995 2297 l.
1012 2278 1035 2298 c.

331 2306 348 2333 6
363 2306 481 2342 Philipp.
500 2307 608 2342 119-11,
622 2306 669 2334 ubi
685 2308 755 2343 vulg.
776 2308 839 2336 edit.
862 2308 944 2337 habet
966 2311 1036 2346 quia

295 2342 451 2370 Dominus.

332 2383 346 2410 7
363 2382 480 2409 Cacciar.
498 2382 515 2410 1.
534 2391 557 2410 c.
574 2391 634 2410 nec.

331 2423 347 2450 8
367 2422 485 2450 Cacciar.
501 2424 520 2450 1.
543 2432 566 2450 c.
588 2431 648 2450 cum
663 2423 722 2450 aliis
738 2424 873 2459 affusum.

330 2464 347 2491 9
366 2473 378 2487 α
392 2463 432 2490 ΑΙ.
449 2463 593 2498 copulavit
611 2474 633 2490 n.
650 2463 776 2491 Balleriu.
793 2464 809 2491 1.
828 2474 851 2492 c.

332 2504 365 2531 10
385 2513 397 2529 <t
415 2504 458 2530 At.
480 2512 537 2530 non
553 2504 710 2532 tolerarent
726 2514 750 2531 ».
768 2505 886 2532 Cacciar.
909 2506 926 2533 l.
943 2515 964 2534 e.

331 2545 361 2572 11
381 2553 393 2569 tt
405 2544 449 2571 ΑΙ.
465 2544 594 2578 ueprius
608 2547 706 2572 creata
720 2548 876 2573 sumeretur
891 2557 917 2573 ».
939 2546 1035 2575 Baller.

295 2579 347 2607 col.
369 2579 430 2607 882.
452 2579 607 2615 Perperam,
625 2583 654 2607 ut
670 2579 785 2608 videtur.

333 2619 368 2648 12
384 2629 397 2646 ot
413 2620 458 2648 Al.
475 2621 506 2648 in
522 2620 689 2657 corporibus
705 2630 730 2649 ».
749 2620 872 2650 Ballerin.
889 2621 907 2650 l.
925 2631 949 2650 c.

1838 219 1888 246 An.
1910 220 1938 247 C.
1955 221 2006 248 449

1069 272 1150 304 quae
1168 262 1310 295 anterior
1324 263 1488 303 extitisset,
1503 274 1561 297 nec
1576 274 1713 306 carnem,
1727 277 1809 309 quae

1068 324 1131 347 non
1158 316 1292 348 materni
1317 316 1460 360 corporis
1485 323 1576 357 esset,
1593 319 1723 362 accepit.
1750 320 1809 352 Na-

1070 374 1139 401 tura
1164 369 1282 412 quippc
1306 375 1413 402 nostra
1430 380 1494 403 non
1508 370 1551 402 sic
1568 377 1730 414 assumpta
1748 379 1806 413 est,

1069 427 1103 454 ut
1127 422 1214 464 prius
1239 428 1355 461 creata,
1379 429 1449 465 post
1473 430 1691 457 assumeretur
1710 425 1741 466 ¹¹5,
1755 427 1808 458 sed

1070 479 1103 507 ut
1118 474 1184 518 ipsa
1196 475 1412 518 assumptione
1423 483 1593 509 crearetur.
1615 478 1704 511 Unde
1722 479 1808 522 quod

1070 527 1101 560 in
1126 527 1259 571 Origene
1295 528 1410 561 merito
1439 528 1625 562 damnatum
1650 537 1713 571 est,
1751 532 1806 575 qui
1853 572 1856 574 ¹
1882 545 2006 567 naumann

1069 579 1260 616 animarum,
1288 586 1459 624 antequam
1485 582 1672 625 corporibus
1689 583 1710 599 ¹²
1726 584 1807 617 inse·
1823 578 2008 620 {si'ississiiii‘fuffiiss

1070 638 1218 666 rerentur
1237 632 1277 671 ¹³,
1296 643 1359 666 non
1385 634 1487 666 solum
1522 635 1615 667 vitam
1636 635 1675 674 ¹⁴,
1698 637 1752 669 sed
1778 642 1808 670 et
1823 631 1887 650 mm
1903 625 1980 646 ‘¹⁰⁰⁰'''

1069 686 1206 719 diversas
1221 686 1318 718 fuisse
1329 686 1494 719 asseruit¹⁵
1510 687 1664 720 actiones:
1680 699 1808 723 necesse

1069 745 1115 773 est
1140 744 1174 772 ut
1199 739 1293 772 etiam
1321 740 1353 772 in
1379 739 1456 779 isto,
1479 740 1539 773 nisi
1560 742 1705 775 maluerit
1731 753 1805 775 sen-

1068 793 1201 827 tentiam
1226 794 1247 809 ¹⁵
1271 793 1433 835 abdicare,
1460 795 1629 838 plectatur,
1656 795 1810 829 Nativitas

1069 847 1153 879 enim
1174 847 1300 880 Domini
1320 847 1496 881 secundum
1511 859 1651 889 carnem,
1668 850 1811 892 quamvis
1839 865 2010 894 perquam..

1069 901 1181 934 habeat
1205 901 1363 944 quaedam
1389 901 1528 945 propria,
1556 901 1671 945 quibus
1691 902 1807 936 huma·
1826 893 2009 938 {iiszrniiiitiissite

1070 964 1128 986 nae
1154 953 1346 986 conditionis
1371 953 1463 987 initia
1487 955 1710 995 transcendat,
1747 956 1812 989 sire

1070 1006 1156 1050 quod
1184 1008 1271 1040 solus
1291 1007 1310 1022 ¹⁷
1337 1007 1376 1039 ab
1402 1007 1550 1040 inviolata
1582 1008 1711 1052 Virgine
1743 1009 1811 1043 sine

1071 1060 1330 1104 concupiscentia
1351 1061 1371 1077 ¹⁵
1395 1066 1442 1094 est
1465 1067 1638 1105 conceptus
1662 1068 1690 1095 et
1706 1068 1810 1103 natus,

1070 1114 1133 1147 sive
1158 1114 1244 1158 quod
1270 1114 1312 1148 ita
1338 1115 1511 1148 visceribus
1538 1115 1648 1149 matris
1674 1122 1721 1150 est
1747 1117 1812 1150 edi-

1070 1174 1133 1208 tus,
1160 1174 1191 1202 ut
1219 1175 1249 1202 et
1269 1169 1468 1202 foecunditas
1490 1174 1627 1212 pareret,
1658 1174 1688 1203 et
1713 1171 1813 1214 virgi-

1071 1222 1151 1254 nitas
1188 1228 1410 1266 permanere13
1443 1233 1506 1256 non
1544 1223 1674 1256 alterius
1706 1230 1813 1258 tamen

1070 1281 1201 1308 naturae
1225 1280 1292 1308 erat
1316 1276 1384 1309 eius
1409 1286 1493 1315 caro,
1515 1287 1610 1319 quam
1636 1278 1808 1317 nost1‘ae¹⁹‚

1070 1338 1128 1361 nec
1155 1328 1305 1367 ali0,illt,
1333 1340 1428 1372 quam
1454 1330 1588 1362 caeteris
1613 1329 1808 1372 hominibus,
1842 1343 2011 1374 ‚eniminum-a

1070 1382 1176 1415 anima
1201 1388 1247 1415 est
1272 1382 1423 1425 inspirata
1448 1382 1626 1426 principio,
1649 1394 1731 1427 quae
1752 1394 1811 1417 ex-
1826 1371 2012 1426 {tiissssssifl'sst't'ti

1070 1436 1209 1475 cellemt,
1236 1446 1301 1468 non
1326 1436 1508 1470 diversitate
1532 1437 1666 1480 generis,
1680 1437 1734 1469 sed
1752 1448 1812 1470 su—
1826 1422 2011 1471 giiissffaec‘sstnfie'

1070 1489 1224 1522 blimitate
1249 1490 1382 1523 virtutis.
1411 1489 1495 1522 Nihil
1515 1491 1598 1523 enim
1623 1490 1725 1524 carnis
1735 1501 1810 1524 suae
1888 1503 1909 1523 lu
1929 1502 2012 1532 christo

1070 1542 1207 1575 habebat
1224 1542 1404 1582 adversum,
1426 1554 1484 1576 nec
1509 1543 1665 1578 discordia
1679 1544 1808 1578 deside·
1826 1534 1870 1575 iiii·
1885 1529 2011 1581 fitfgtssfftssg

1071 1595 1193 1628 riorum
1218 1596 1369 1639 gignebat
1404 1597 1686 1639 compugnantiam
1711 1597 1734 1613 ²⁰
1757 1608 1811 1631 vo·
1827 1582 2011 1629 iiiiii'iiff‘umw*

1070 1649 1240 1682 luntatum.
1269 1649 1386 1683 Sensus
1412 1650 1557 1693 corporei
1574 1651 1724 1693 vigebant
1744 1650 1811 1684 sine

1070 1702 1139 1745 lege
1151 1702 1171 1718 ²¹
1193 1702 1332 1746 peccat&
1356 1709 1387 1736 et
1407 1703 1520 1736 veritas
1534 1703 1738 1737 affectionum
1752 1704 1811 1737 sul)

1071 1756 1291 1789 moderamine
1310 1757 1441 1790 Deitatis
1465 1762 1495 1789 et
1520 1757 1646 1798 mentis,
1666 1768 1725 1791 nec
1747 1764 1812 1791 ten-

1072 1810 1198 1844 tabatur
1222 1810 1397 1849 illecebris,
1430 1821 1489 1844 nec
1514 1810 1647 1844 cedebat
1671 1811 1807 1844 iniuriis.

1072 1865 1168 1898 Verus
1194 1864 1290 1897 homo
1314 1874 1390 1897 vero
1423 1864 1532 1897 unitus
1559 1869 1606 1897 est
1638 1864 1721 1905 Deo,
1753 1875 1811 1898 nec

1071 1917 1248 1950 secundum
1274 1917 1460 1950 existentem
1484 1917 1574 1961 prius
1599 1917 1736 1950 animam
1759 1917 1812 1951 de-

1071 1971 1187 2005 ductus
1205 1976 1251 2004 est
1275 1982 1292 2003 e
1317 1972 1403 2004 caelo
1419 1970 1452 2010 ²²,
1470 1980 1529 2004 nec
1544 1971 1720 2004 secundum
1740 1982 1810 2004 car-

1108 2069 1140 2097 13
1164 2079 1176 2093 <‹
1192 2069 1230 2095 ΑΙ.
1249 2069 1464 2096 misceantur».
1482 2068 1606 2096 Balleriu.
1626 2068 1642 2094 1.
1660 2077 1682 2095 c.

1107 2113 1138 2140 14
1156 2126 1166 2135 ι
1190 2113 1229 2139 ΑΙ.
1253 2113 1325 2140 vitas
1343 2122 1366 2139 n.
1391 2112 1518 2139 Ballerin.
1548 2113 1566 2139 l.
1590 2121 1612 2139 c.
1644 2115 1670 2139 et
1691 2113 1808 2140 Caeciar.

1070 2157 1131 2185 pag.
1154 2148 1214 2176 132.
1231 2148 1280 2175 Sed
1297 2156 1449 2184 perperam.

1107 2194 1139 2220 15
1157 2204 1168 2219 ι
1186 2193 1225 2220 ΑΙ.
1246 2193 1349 2220 asserit
1365 2202 1388 2219 ν.
1410 2192 1530 2219 Caeciar.
1552 2192 1569 2219 l.
1588 2201 1611 2219 c.

1106 2238 1139 2264 16
1158 2237 1276 2265 Cacciar.
1292 2238 1465 2265 sententiam
1487 2246 1580 2264 suam.

1105 2278 1230 2341 Ι178ἑιιζ3Α1.
1247 2277 1349 2304 addunt
1364 2286 1399 2304 cnr
1415 2278 1531 2312 Spiritu
1547 2278 1653 2305 Sancto
1664 2287 1688 2305 n.
1710 2277 1809 2305 Bauer.

1071 2322 1102 2341 eo
1117 2334 1122 2340 .
1195 2335 1200 2340 .

1072 2390 1088 2416 Η
1106 2354 1139 2381 18
1161 2365 1172 2378 u
1187 2354 1230 2380 Al.
1249 2353 1351 2380 addunt
1366 2354 1464 2381 carnis
1480 2363 1504 2380 n.
1515 2353 1642 2380 Ballcrin.
1653 2357 1679 2380 et
1691 2353 1809 2381 Cacciar.

1093 2411 1099 2416 .
1120 2398 1159 2416 cc.

1106 2431 1140 2457 19
1156 2429 1273 2456 Cacciar.
1291 2428 1308 2456 l.
1327 2438 1349 2456 c.
1367 2437 1427 2456 cum
1443 2429 1477 2456 al.
1491 2432 1600 2457 nostra.
1613 2429 1690 2457 Forte
1706 2429 1809 2457 melius.

1106 2470 1141 2497 20
1159 2480 1170 2495 α
1186 2470 1230 2496 Al.
1244 2477 1291 2496 nec
1307 2470 1482 2497 discordiam
1500 2470 1706 2498 desideriorum
1721 2471 1812 2505 yiyne-

1072 2506 1118 2533 bat
1137 2506 1340 2540 compuynatto
1357 2506 1440 2539 (Edit.
1465 2506 1702 2541 compussnautia)
1718 2507 1812 2533 volun-

1073 2544 1161 2569 tatum
1176 2551 1202 2568 ».
1219 2541 1349 2568 Balterin.
1367 2541 1418 2567 col.
1435 2542 1496 2568 884.

1106 2582 1135 2608 21
1158 2591 1169 2606 α
1190 2581 1233 2607 Al.
1254 2580 1335 2608 sorde
1353 2592 1375 2607 n.
1395 2581 1522 2608 Dallerin.
1544 2580 1561 2607 1.
1579 2589 1603 2607 c.

1107 2620 1141 2649 22
1160 2631 1173 2646 «
1191 2620 1235 2649 Al.
1252 2629 1288 2648 ex
1306 2621 1380 2654 atto;
1401 2621 1434 2648 al.
1453 2620 1533 2649 delet.
1550 2623 1590 2649 est
1608 2630 1630 2648 n.
1646 2619 1741 2648 Baller.
1754 2620 1772 2647 l.
1785 2628 1808 2647 c.
