2259 3276
578 394 916 480 LECTORI
979 393 1396 478 BENEVOLO

420 579 867 633 EDITORES
934 576 1567 630 TAURINENSES

954 726 983 759 S.
1008 726 1042 759 D.

256 1315 568 1369 optatissimam
598 1313 795 1357 omnibus
824 1319 864 1357 et
891 1312 1049 1356 iamdiu
1079 1310 1261 1365 repetitis
1289 1309 1464 1355 vocibus
1491 1309 1590 1353 hinc
1622 1309 1798 1364 promis-

205 1402 313 1438 sam,
348 1387 461 1430 illinc
495 1388 762 1431 vehementer
795 1388 1058 1441 efflagitatam
1097 1386 1239 1439 Magni
1274 1383 1450 1427 Bullarii
1486 1381 1802 1433 APPENDICEM,

205 1459 478 1511 praecipuum
513 1473 613 1502 sane
649 1466 688 1502 et
723 1473 880 1503 novum
910 1472 1083 1512 prorsus
1112 1472 1160 1501 ac
1189 1455 1418 1509 singulare,
1448 1453 1637 1507 illudque
1674 1468 1802 1507 quam

204 1529 373 1572 maximi
408 1530 714 1573 aestimandum
748 1530 874 1573 huius
903 1537 1070 1573 nostrae
1099 1528 1306 1571 Editionis
1335 1540 1435 1580 prae
1465 1526 1610 1569 ceteris
1644 1524 1800 1569 emolu-

205 1607 394 1644 mentum
415 1608 453 1644 et
473 1601 616 1651 decus,
636 1600 869 1655 Operisque
889 1600 1204 1654 Coequeliniani
1223 1599 1507 1642 necessarium
1528 1597 1803 1650 complemen-

207 1679 310 1723 tum,
340 1687 391 1716 en
419 1673 596 1722 tandem,
620 1674 752 1717 amice
773 1672 934 1720 Lector,
956 1672 1209 1725 suscipimus
1231 1669 1532 1724 evulgandam;
1562 1683 1646 1723 quo
1674 1674 1805 1712 matu-

208 1744 306 1791 rius,
336 1745 395 1787 uti
424 1744 523 1788 olim
553 1744 879 1798 profitebamur,
910 1759 958 1788 eo
988 1744 1181 1794 uberius;
1213 1756 1328 1786 nunc
1367 1741 1736 1785 autem'addimus
1765 1746 1804 1783 et

209 1816 282 1859 tibi
317 1830 365 1859 eo
395 1816 639 1864 iucundius,
669 1831 753 1870 quo
784 1816 1072 1860 desideratius.
1103 1815 1153 1858 In
1183 1820 1231 1858 ea
1259 1815 1370 1858 enim
1401 1827 1529 1867 quam
1559 1812 1740 1866 plurima
1769 1818 1808 1854 et

210 1901 430 1940 supremae
459 1889 737 1939 auctoritatis,
767 1888 972 1939 utilitatis,
1002 1887 1363 1941 praestantiaeque
1392 1885 1669 1929 Monumenta
1698 1883 1808 1927 Pon·

212 1958 356 2009 tificia‚
387 1973 494 2012 quae
524 1960 575 2003 ab
606 1961 802 2004 omnibus
831 1961 1034 2004 hactenus
1056 1959 1221 2004 excusis
1241 1958 1439 2002 Bullariis
1468 1957 1715 2007 exulabmt,
1743 1955 1807 1999 vel

212 2044 455 2083 nunquam,
484 2031 548 2074 vel
578 2032 754 2085 sparsim
775 2032 900 2079 edita,
929 2033 1057 2086 inque
1090 2031 1324 2074 innumeris
1361 2036 1399 2073 et
1435 2029 1598 2082 magnis
1634 2027 1807 2072 volumi-

214 2102 359 2153 nibus,
391 2102 674 2146 studiosorum
708 2103 966 2148 multitudini
997 2104 1246 2157 plerumque
1280 2102 1512 2155 imperviis,
1547 2101 1743 2144 distracta
1772 2106 1811 2142 et

214 2173 427 2226 dissipata,
466 2189 584 2218 NUNC
619 2189 791 2220 PmMUM
827 2176 1062 2229 conquisita
1100 2175 1289 2228 undique
1327 2173 1659 2227 diligentissime,
1695 2178 1734 2215 et
1768 2172 1810 2213 in

215 2259 348 2288 unum
383 2245 510 2290 veluti
540 2260 691 2300 corpus
720 2247 911 2299 collecta,
941 2248 1198 2300 eruditisque
1226 2246 1334 2289 notis
1364 2245 1585 2295 illustrata,
1616 2244 1812 2296 deinceps

215 2317 425 2368 continua,
455 2318 489 2360 si
518 2318 632 2361 Deus
660 2319 804 2370 faveat,
826 2319 1005 2363 editione
1026 2319 1099 2362 tibi
1118 2332 1247 2371 prope
1267 2318 1308 2360 in
1337 2316 1523 2370 singulos
1554 2316 1650 2365 dies,
1684 2322 1728 2357 ut
1756 2315 1812 2357 ita

215 2389 363 2435 dicam.
395 2389 554 2442 prolata
584 2397 655 2433 tuo
685 2390 827 2434 labore
856 2391 987 2442 nullo,
1018 2391 1206 2443 impensa
1235 2390 1413 2440 modica,
1443 2403 1491 2432 ac
1521 2393 1686 2431 summa
1716 2400 1812 2430 cum

217 2461 344 2503 animi
374 2461 585 2515 voluptate
607 2463 784 2506 subinde
812 2463 1005 2516 accipies:
1028 2462 1294 2506 lectissimam
1325 2468 1363 2504 et
1392 2461 1657 2506 ditissimam,
1686 2471 1813 2512 supra

218 2547 345 2585 quam
390 2548 556 2586 sperare
598 2534 657 2576 fas
697 2541 806 2585 erat,
849 2549 991 2578 sacrae
1034 2534 1278 2577 eruditionis
1322 2539 1526 2586 segetem3
1568 2530 1811 2584 amplissimi

215 2603 296 2646 CC.
325 2604 411 2647 VV.
443 2619 662 2648 consessus
693 2620 798 2658 opus
828 2606 1084 2659 pergrande,
1115 2606 1186 2657 qui
1221 2604 1293 2647 SS.
1325 2604 1373 2646 D.
1406 2604 1456 2646 N.
1489 2604 1553 2646 Pii
1583 2603 1723 2655 Papae
1753 2600 1813 2642 IX

217 2674 512 2718 Benedictione
552 2677 792 2729 Apostolica
836 2678 1098 2730 adspirante,
1144 2683 1182 2718 et
1225 2676 1288 2718 fel.
1333 2690 1455 2718 mem.
1498 2674 1692 2726 Principe
1729 2672 1813 2713 E.‘²¹0

218 2743 339 2787 Card.
371 2745 594 2790 Francisco
625 2748 770 2791 Gaude
801 2748 900 2791 olim
931 2749 1191 2800 auspicante,
1228 2747 1442 2790 tabulariis
1476 2760 1522 2788 ac
1557 2743 1814 2787 bibliothecis
