2244 3183
57 242 110 268 Au.
127 240 157 267 C.
173 238 224 267 454

92 301 181 322 Anatolii
190 306 241 320 non-

58 329 113 349 nulla

57 354 196 376 cuuuueudat.

58 725 130 746 Merito
139 726 184 750 post
193 729 239 745 cor-

57 752 169 773 rectionem
186 751 239 771 ohli-

59 778 155 799 riscimur
182 777 238 803 quod

57 807 120 826 antea
143 803 181 824 suit
206 810 238 824 re-

57 830 236 858 prehendendum.

68 1176 174 1200 Quaenam
182 1176 236 1197 ratio

55 1208 101 1224 cum
116 1203 180 1228 lapsis
195 1204 236 1224 cle-

55 1230 104 1250 ricis
119 1229 222 1250 habenda.

62 1787 77 1809 li
89 1788 236 1809 tantumadof-

54 1815 146 1836 liciorum
159 1815 237 1841 prima-

54 1843 95 1862 tuuu
119 1842 236 1864 evellendi.

54 1868 89 1894 qui
99 1869 155 1889 nullo
166 1874 236 1889 errore

53 1899 144 1924 nuquam
161 1895 234 1916 fuerint

54 1922 136 1943 irretiti.

80 2157 164 2180 Frustra
183 2159 235 2180 Ana-

54 2185 114 2205 tnlius
127 2191 177 2206 suan
192 2192 235 2207 am—

54 2210 139 2240 hitionts
153 2213 235 2239 culpam

55 2243 74 2258 un
88 2239 174 2259 alini-utu
185 2246 234 2260 ron-

53 2264 100 2286 nilia
115 2266 189 2286 reiicit.

915 237 940 261 S.
962 238 1025 262 LEO
1045 238 1055 262 1
1075 239 1126 263 Pr.

255 286 353 320 litana
372 286 515 319 Ecclesia
540 285 699 330 quaedam
727 285 760 318 in
789 284 903 318 officiis
932 286 996 318 clc-

148 328 240 347 [icium-a
275 340 281 345 -

255 349 397 373 ricorum
415 346 561 373 correcta
573 338 753 382 significas,
770 344 802 371 ut
821 344 853 371 et
869 338 996 371 Aetium

254 393 469 437 presbiterum
482 393 513 426 in
528 393 662 436 gratiam
678 397 765 425 tuam
779 391 998 425 affectionem-

254 457 316 490 que
337 447 546 488 revocaveris,
561 452 591 480 et
603 447 764 480 Andream
786 446 825 479 ab
837 445 998 479 archidia-

254 501 326 534 coni
348 501 476 534 actione
495 500 709 541 submoveris,
733 499 826 533 nobis
840 499 998 543 placuisse

254 553 408 587 rescribo:
439 554 515 597 quia
542 553 810 587 existimationem
837 558 935 592 tuam,
963 557 998 585 ut

253 607 417 651 optabam,
446 607 624 651 plurimum
657 606 751 649 erigit
779 612 876 650 atque
907 616 996 639 com-

254 662 396 695 mendat.
419 662 457 694 Et
475 661 590 694 merito
612 667 685 705 post
705 661 942 694 correctionem
964 660 995 693 in

254 714 449 748 oblivionem
470 715 683 759 perducitur¹
705 715 792 759 quod
818 714 995 759 reprehen-

253 768 335 802 sioni
357 768 532 802 obnoxium
552 769 732 809 videbatur,
762 779 834 801 cum
855 767 996 802 haereti-

253 831 367 855 corum
387 822 607 865 provectione,
625 828 656 855 et
670 822 903 866 discipulorum
924 833 997 855 san-

253 880 323 909 ctae
337 875 515 909 memoriae
525 875 665 909 Flaviani
676 875 792 908 iniuria
802 875 995 917 gravareris3

252 939 335 972 quae
360 939 447 961 nunc
467 928 563 962 simul
576 929 615 961 ab
630 928 717 961 omni
732 928 909 962 offensione
922 939 994 961 cum

253 981 310 1021 tui,
328 981 470 1022 utvolui‚
491 982 586 1014 laude
604 987 780 1022 cessarunt,
797 981 874 1025 quia
892 981 924 1013 in
945 991 996 1014 or-

252 1034 360 1067 dinem
378 1045 483 1076 suum,
504 1046 587 1079 quae
601 1035 728 1068 fuerant
740 1036 877 1077 turbata,
893 1035 996 1069 redie-

252 1093 337 1120 runt.
361 1088 524 1121 Andream
553 1099 642 1129 sanc,
675 1088 730 1132 qui
760 1088 997 1122 rationabiliter

252 1141 474 1175 archidiaconi
493 1147 540 1175 est
561 1142 704 1185 privatus
734 1142 852 1183 officio,
880 1148 911 1175 et
935 1142 996 1175 Eu—

253 1194 378 1235 fratam,
401 1195 457 1239 qui
477 1201 606 1229 sanctae
636 1196 812 1229 memoriae
840 1196 993 1237 Flaviani,

252 1254 287 1282 ut
307 1249 464 1293 comperi,
488 1249 655 1293 improbus
681 1250 782 1283 extitit
813 1255 992 1290 aecusator,

251 1302 276 1335 si
298 1303 552 1346 professionibus
572 1303 760 1347 plenissime
785 1303 911 1347 seriptis
931 1313 995 1336 non

252 1355 358 1389 minus
388 1356 615 1400 eutychianam
647 1356 658 1373 ²
689 1356 863 1397 haeresim,
898 1366 994 1400 quam

251 1409 472 1442 nestorianum
504 1409 684 1442 execrabile
717 1409 835 1451 dogma
871 1410 993 1442 conde-

251 1467 363 1494 mnant
377 1489 384 1502 ,
417 1461 571 1505 quoniam
603 1462 695 1495 venia
727 1468 774 1495 est
804 1463 997 1506 praestanda

252 1515 417 1556 correctis,
440 1516 639 1559 presbiteros
658 1516 872 1549 consecrabis:
889 1521 924 1549 ut
936 1516 995 1549 sibi

251 1569 433 1602 remedium
454 1569 633 1602 catholicae
654 1569 729 1603 fidei
751 1569 893 1603 sentiant
920 1579 996 1613 pro-

250 1622 357 1663 fuisse,
374 1622 476 1656 electo
496 1622 647 1666 primitus
664 1629 695 1656 et
714 1623 862 1666 probato,
879 1623 934 1666 qui
947 1633 997 1655 ar-

251 1675 433 1709 chidiaconi
454 1675 596 1709 officium
610 1676 712 1720 possit
733 1676 880 1720 implere,
901 1677 992 1716 idest,

252 1738 348 1772 quem
362 1729 450 1762 nulla
463 1740 618 1773 umquam
633 1730 871 1774 praedictarum
884 1729 996 1773 impie-

252 1787 351 1815 tatum
371 1782 666 1827 samarcsperserit.
678 1783 799 1817 Caeteri
814 1794 900 1823 vero,
915 1793 996 1827 quos

252 1846 311 1879 par
339 1842 445 1870 reatus
473 1836 658 1878 involverat,
692 1837 717 1870 si
748 1837 872 1870 veniam
898 1837 994 1869 simili

252 1888 450 1932 professione
471 1900 544 1923 cum
565 1890 785 1923 satisfactione
802 1890 992 1933 deposcunt,

251 1941 316 1975 suis
336 1942 505 1976 ordinibus
531 1944 765 1977 reformentur:
794 1943 844 1976 his
871 1949 992 1976 tantum

251 1996 292 2028 ad
312 1994 493 2029 officiorum
522 1997 699 2040 primatum
724 1997 888 2038 admissis,
914 2007 995 2040 quos

251 2049 291 2082 ab
311 2050 400 2082 omni
418 2060 529 2083 errore
547 2050 667 2084 liberos
687 2050 784 2084 fuisse
802 2050 990 2084 constiterit.

294 2103 366 2136 CAP.
383 2103 433 2137 111.
450 2103 541 2137 Illam
563 2110 670 2137 autem
689 2104 829 2148 culpam,
844 2115 940 2148 quam
955 2105 994 2137 de

250 2157 398 2198 augenda
429 2162 609 2200 potestate,
649 2157 754 2190 aliena
790 2158 838 2201 (ut,
866 2158 993 2201 asseris)

250 2209 477 2243 adhortatione
493 2216 710 2251 contraxeras,
728 2211 890 2244 efficacius
898 2216 994 2255 atque

249 2261 405 2296 sincerius
436 2269 489 2296 tua
513 2263 651 2296 charitas
672 2264 828 2305 diluisset,
856 2264 880 2297 si
907 2265 993 2307 quod

251 2316 365 2349 tentari
386 2316 454 2349 sine
470 2322 523 2349 tua
534 2317 700 2350 voluntate
720 2327 783 2350 non
798 2317 914 2361 potuit,
930 2328 993 2350 non

250 2369 290 2402 ad
306 2370 375 2403 sola
395 2369 586 2403 clericorum
609 2369 744 2403 consilia
765 2370 990 2404 transtulisses.

285 2511 297 2537 1
318 2520 330 2537 ‹
346 2510 413 2538 Tres
428 2511 498 2538 Vatt.
515 2511 575 2538 cod.
597 2511 747 2540 deducitur
764 2523 790 2538 υ.
808 2512 886 2540 Cacc.
912 2513 929 2539 l.
952 2521 965 2539 c

285 2555 301 2581 ⁶2
317 2554 436 2582 Cacciar.
458 2555 476 2582 l.
497 2564 521 2582 c.
543 2555 643 2583 omittit
658 2556 816 2583 haeresim.

286 2598 302 2626 3
317 2598 436 2626 Cacciar.
459 2607 519 2635 pag.
537 2600 589 2627 399
604 2608 664 2627 cuin
692 2599 752 2626 rod.
777 2600 862 2626 Grim.
885 2601 993 2635 conses-

250 2643 339 2671 sione.
359 2643 428 2671 Sane
448 2644 606 2671 concinnius
626 2644 659 2671 ad
681 2652 789 2671 sensum
806 2653 832 2671 u.
851 2645 940 2673 lectio.

284 2697 356 2731 App.
376 2697 452 2725 Bull.
474 2699 550 2727 Rom.
572 2714 604 2718 —-
629 2698 688 2726 Vol.
706 2698 728 2726 Ῑ.
894 2700 926 2725 18

1680 234 1741 268 ’137

1031 286 1110 325 Quia
1130 287 1212 320 sicut
1232 288 1263 320 in
1286 290 1369 322 mala
1390 291 1538 324 suasione
1560 292 1769 335 delinquitur,

1033 339 1075 371 ita
1095 346 1123 373 et
1139 341 1170 372 in
1186 342 1269 374 mala
1283 344 1494 378 consensione
1506 345 1517 361 ³
1533 351 1696 388 peccatur.
1711 346 1772 379 Sed

1032 398 1157 433 gratum
1180 395 1272 436 milii,
1297 396 1393 429 frater
1411 398 1585 439 carissime,
1607 405 1663 439 est,
1685 400 1773 442 quod

1033 445 1162 479 dilectio
1184 452 1237 480 tua
1259 448 1290 481 id
1311 450 1481 492 profitetur
1500 452 1559 484 sibi
1588 452 1770 496 displicere,

1032 499 1118 541 quod
1136 505 1210 533 tunc
1224 501 1319 534 etiam
1338 504 1467 546 placere
1481 515 1545 538 non
1564 505 1685 539 debuit.
1703 506 1772 539 Suf-

1032 551 1099 584 ficit
1119 553 1151 584 in
1171 554 1291 594 gratiae
1305 558 1676 599 communisregressum
1698 570 1772 602 pro-

1032 605 1126 639 fessio
1147 606 1327 640 dilectionis
1350 615 1432 649 tuae,
1457 616 1486 643 et
1503 612 1662 644 attestatio
1684 612 1772 644 Prin-

1031 658 1110 702 cipis
1124 659 1301 693 christiani.
1322 662 1385 695 Nec
1405 663 1533 696 videtur
1553 665 1643 697 tarda
1663 675 1771 698 corre-

1032 711 1105 752 ctio,
1123 712 1173 745 cui
1188 718 1251 746 tam
1265 716 1457 749 venerabilis
1477 723 1616 750 assertor
1628 719 1768 751 accessit,

1030 765 1209 799 Abiiciatur
1237 768 1366 811 penitus
1390 769 1567 803 inconcessi
1598 770 1689 810 iuris,
1719 773 1771 815 qui

1031 817 1265 853 dissensionem
1280 821 1410 862 fecerat,
1426 823 1597 866 appetitus.
1609 824 1770 857 Sufficiant

1030 871 1149 906 limites
1180 884 1262 917 quos
1290 874 1481 908 Sanctorum
1505 877 1634 910 Patrum
1660 878 1770 921 provi-

1031 926 1218 960 dentissima
1239 928 1369 962 decreta
1389 935 1582 973 posuerunt,
1607 938 1642 963 ut.
1666 931 1772 975 quieta

1030 980 1070 1013 sit
1090 981 1154 1013 suis
1173 981 1295 1015 meritis
1313 988 1343 1015 et
1363 983 1503 1027 antiquis
1524 985 1698 1028 privilegiis
1719 986 1769 1018 di-

1031 1034 1135 1075 gnitas
1155 1035 1301 1068 omnium
1329 1037 1545 1070 sacerdotum.
1578 1039 1770 1077 Renovetur,

1031 1092 1061 1120 et
1081 1094 1209 1121 maneat
1229 1088 1261 1121 in
1280 1095 1309 1122 te
1330 1090 1512 1124 dominicae
1533 1091 1697 1124 charitatis
1722 1093 1770 1124 af-

1031 1140 1136 1181 fectio,
1152 1141 1191 1173 ad
1205 1152 1301 1185 quam
1317 1142 1523 1177 dilectionem
1541 1150 1626 1177 tuam
1645 1145 1774 1188 saepius

1031 1194 1216 1228 cohortatus
1235 1206 1319 1236 suut,
1334 1208 1406 1229 cum
1426 1198 1524 1231 fratre
1538 1204 1569 1232 et
1583 1200 1774 1243 coepiscopo

1031 1253 1142 1282 nostro
1161 1250 1297 1291 Iuliano,
1321 1251 1375 1294 qui
1397 1262 1603 1286 communem
1635 1254 1772 1295 gratiam

1031 1312 1160 1346 semper
1180 1304 1310 1346 optavit,
1334 1305 1424 1338 cuius
1445 1306 1603 1339 industria
1625 1313 1652 1339 et
1675 1308 1768 1340 solli-

1031 1355 1189 1390 citudines
1210 1363 1282 1390 tuae
1303 1358 1544 1401 relevalmntur,
1565 1366 1593 1393 et
1616 1360 1695 1393 sides
1720 1372 1773 1394 ca-

1033 1409 1151 1443 tholica
1189 1411 1363 1444 munietur.
1397 1412 1502 1456 Super
1530 1414 1639 1446 omnia
1664 1420 1770 1447 autem

1032 1462 1171 1496 fraterna
1192 1464 1346 1498 charitate
1364 1466 1477 1499 hortor
1495 1473 1525 1499 ct
1546 1478 1674 1507 moneo,
1691 1474 1723 1501 ut
1737 1480 1773 1502 ea

1807 246 1854 271 Au.
1873 247 1901 273 C.
1920 247 1970 273 451,

1032 1526 1114 1558 quae
1135 1518 1174 1550 ad
1195 1517 1330 1559 gloriam
1353 1519 1399 1551 vel
1421 1520 1461 1552 ad
1480 1520 1646 1553 munimen
1668 1522 1769 1564 perli-
1796 1509 1896 1547 fluv-*1¹3¹*—
1910 1509 1971 1548 viiii

1032 1576 1108 1603 nent
1128 1571 1337 1604 sacerdotalis
1359 1572 1467 1611 officii,
1491 1573 1704 1606 Nicaenorum
1720 1585 1772 1607 ca-

1032 1633 1154 1657 nonum
1181 1624 1368 1657 universalis
1389 1626 1547 1659 Ecclesiae
1568 1638 1680 1670 pacem
1705 1638 1771 1660 ser—

1032 1676 1137 1709 vantia
1158 1677 1287 1710 decreta
1305 1678 1477 1712 custodias.
1501 1679 1552 1712 Sic
1577 1680 1662 1713 euim
1691 1681 1772 1713 iuter

1031 1729 1158 1762 Domini
1179 1731 1362 1764 sacerdotes
1383 1731 1534 1765 inviolata
1548 1733 1770 1777 charitasper-

1031 1783 1186 1822 manebit,
1210 1783 1235 1815 si
1256 1783 1390 1827 paribus
1410 1784 1534 1826 studiis,
1558 1796 1641 1829 quae
1661 1792 1734 1819 sunt
1755 1798 1771 1819 a

1030 1836 1153 1869 Sanctis
1170 1837 1317 1870 Patribus
1338 1838 1522 1877 constituta,
1545 1846 1697 1873 servetur.

1074 1890 1152 1923 Data
1173 1897 1288 1934 quarto
1307 1891 1460 1925 kalendas
1479 1892 1591 1933 lunii⁴‚
1622 1894 1714 1926 Aetio
1741 1900 1767 1926 ct

1030 1943 1144 1976 Studio
1158 1944 1232 1977 viris
1253 1944 1439 1978 clarissimis
1460 1946 1656 1979 consulibus.

1065 2005 1122 2033 Dat.
1144 2006 1187 2033 die
1207 2007 1241 2034 ⁶20
1261 2006 1394 2040 Maii,ssn.
1412 2008 1473 2035 454.

1236 2168 1423 2202 EPISTULA
1452 2169 1525 2202 XCll
1541 2169 1560 2201 ³.

1030 2265 1224 2297 L1·tter‹1.<a‹t
1240 2266 1263 2299 A
1274 2266 1433 2298 »autolium
1458 2267 1669 2299 tlt-tinnulam
1684 2268 1769 2299 illar-

1074 2319 1167 2350 ciano
1186 2319 1336 2360 ίηηηυηκ,
1351 2319 1432 2362 quid
1444 2320 1484 2351 «b
1497 2320 1554 2351 illo
1574 2320 1615 2352 xil
1631 2321 1771 2352 nem-ime

1073 2371 1285 2414 1³.¹:]›‹‘!‹¹mlzmz
1300 2372 1475 2414 siqnishut,
1490 2383 1526 2404 m:
1538 2372 1575 2404 ‹Iae¹
1587 2374 1770 2416 pomposius

1065 2513 1080 2539 [ι
1099 2524 1110 2537 «
1131 2513 1200 2540 Male
1215 2513 1275 2540 cod.
1297 2513 1406 2541 Barher.
1426 2514 1497 2542 [ulit
1514 2526 1538 2541 ».
1565 2515 1690 2542 llatllerin.
1718 2516 1767 2541 col.

1034 2558 1108 2585 1279.

1064 2603 1080 2630 5
1097 2602 1132 2629 Ex
1153 2603 1217 2629 edit.
1241 2603 1365 2630 llallcriu.
1392 2605 1459 2638 thp.
1483 2605 1512 2631 S.
1540 2605 1638 2631 Lemnis
1663 2607 1724 2630 tour
1751 2612 1767 2631 1.

1030 2647 1080 2675 col.
1103 2648 1175 2674 1270.
