<?xml version="1.0" encoding="UTF-8"?>
<!DOCTYPE html PUBLIC "-//W3C//DTD XHTML 1.0 Transitional//EN"
    "http://www.w3.org/TR/xhtml1/DTD/xhtml1-transitional.dtd">
<html xmlns="http://www.w3.org/1999/xhtml" xml:lang="en" lang="en">
 <head>
  <title>
</title>
<meta http-equiv="Content-Type" content="text/html;charset=utf-8" />
  <meta name='ocr-system' content='tesseract 3.04.00' />
  <meta name='ocr-capabilities' content='ocr_page ocr_carea ocr_par ocr_line ocrx_word'/>
</head>
<body>
  <div class='ocr_page' id='page_1' title='image "./bullarumdiplomat00cath/bullarumdiplomat00cath_0299.png"; bbox 0 0 2244 3183; ppageno 0'>
   <div class='ocr_carea' id='block_1_1' title="bbox 96 222 262 251">
    <p class='ocr_par' dir='ltr' id='par_1_1' title="bbox 96 222 262 251">
     <span class='ocr_line' id='line_1_1' title="bbox 96 222 262 251; baseline -0.018 0"><span class='ocrx_word' id='word_1_1' title='bbox 96 223 145 251; x_wconf 78' lang='lat' dir='ltr'>An.</span> <span class='ocrx_word' id='word_1_2' title='bbox 166 222 193 249; x_wconf 91' lang='lat' dir='ltr'>C.</span> <span class='ocrx_word' id='word_1_3' title='bbox 210 222 262 249; x_wconf 71' lang='lat'>493</span> 
     </span>
    </p>
   </div>
   <div class='ocr_carea' id='block_1_2' title="bbox 97 443 280 517">
    <p class='ocr_par' dir='ltr' id='par_1_2' title="bbox 97 443 280 517">
     <span class='ocr_line' id='line_1_2' title="bbox 150 443 279 463; baseline -0.016 0"><span class='ocrx_word' id='word_1_4' title='bbox 150 443 206 463; x_wconf 79' lang='lat' dir='ltr'>Haec</span> <span class='ocrx_word' id='word_1_5' title='bbox 226 447 279 462; x_wconf 80' lang='lat' dir='ltr'>emin</span> 
     </span>
     <span class='ocr_line' id='line_1_3' title="bbox 97 469 280 490; baseline -0.011 0"><span class='ocrx_word' id='word_1_6' title='bbox 97 471 141 490; x_wconf 71' lang='lat' dir='ltr'>&lt;ine</span> <span class='ocrx_word' id='word_1_7' title='bbox 163 474 211 490; x_wconf 73' lang='lat' dir='ltr'>vera</span> <span class='ocrx_word' id='word_1_8' title='bbox 230 469 280 488; x_wconf 83' lang='lat' dir='ltr'>cha-</span> 
     </span>
     <span class='ocr_line' id='line_1_4' title="bbox 99 495 280 517; baseline -0.011 0"><span class='ocrx_word' id='word_1_9' title='bbox 99 497 158 517; x_wconf 75' lang='lat' dir='ltr'>ritate</span> <span class='ocrx_word' id='word_1_10' title='bbox 168 501 207 516; x_wconf 85' lang='lat' dir='ltr'>nou</span> <span class='ocrx_word' id='word_1_11' title='bbox 219 495 280 515; x_wconf 77' lang='lat' dir='ltr'>datur</span> 
     </span>
    </p>
   </div>
   <div class='ocr_carea' id='block_1_3' title="bbox 101 1831 284 1932">
    <p class='ocr_par' dir='ltr' id='par_1_3' title="bbox 101 1831 284 1932">
     <span class='ocr_line' id='line_1_5' title="bbox 127 1831 283 1858; baseline 0 -6"><span class='ocrx_word' id='word_1_12' title='bbox 127 1831 181 1853; x_wconf 78' lang='lat' dir='ltr'>luter</span> <span class='ocrx_word' id='word_1_13' title='bbox 196 1831 283 1858; x_wconf 76' lang='lat' dir='ltr'>Eutyeh.</span> 
     </span>
     <span class='ocr_line' id='line_1_6' title="bbox 101 1859 284 1884; baseline 0 -5"><span class='ocrx_word' id='word_1_14' title='bbox 101 1859 206 1879; x_wconf 78' lang='lat' dir='ltr'>recenseri</span> <span class='ocrx_word' id='word_1_15' title='bbox 219 1859 284 1884; x_wconf 82' lang='lat' dir='ltr'>etqui</span> 
     </span>
     <span class='ocr_line' id='line_1_7' title="bbox 102 1886 284 1914; baseline 0.005 -9"><span class='ocrx_word' id='word_1_16' title='bbox 102 1886 152 1914; x_wconf 75' lang='lat' dir='ltr'>ipsis</span> <span class='ocrx_word' id='word_1_17' title='bbox 195 1891 284 1906; x_wconf 82' lang='lat' dir='ltr'>consen—</span> 
     </span>
     <span class='ocr_line' id='line_1_8' title="bbox 102 1913 162 1932; baseline 0 0"><span class='ocrx_word' id='word_1_18' title='bbox 102 1913 162 1932; x_wconf 77' lang='lat' dir='ltr'>nunt.</span> 
     </span>
    </p>
   </div>
   <div class='ocr_carea' id='block_1_4' title="bbox 900 215 1817 366">
    <p class='ocr_par' dir='ltr' id='par_1_4' title="bbox 900 215 1817 366">
     <span class='ocr_line' id='line_1_9' title="bbox 900 215 1205 240; baseline -0.01 0"><span class='ocrx_word' id='word_1_19' title='bbox 900 217 925 240; x_wconf 86' lang='lat' dir='ltr'>s.</span> <span class='ocrx_word' id='word_1_20' title='bbox 948 215 1101 240; x_wconf 58' lang='lat' dir='ltr'>GELasits</span> <span class='ocrx_word' id='word_1_21' title='bbox 1126 215 1136 239; x_wconf 95' lang='lat'>1</span> <span class='ocrx_word' id='word_1_22' title='bbox 1162 215 1205 238; x_wconf 74' lang='lat' dir='ltr'>Pr.</span> 
     </span>
     <span class='ocr_line' id='line_1_10' title="bbox 1056 259 1817 304; baseline -0.005 -8"><span class='ocrx_word' id='word_1_23' title='bbox 1056 261 1212 298; x_wconf 56' lang='lat' dir='ltr'>{Proinde</span> <span class='ocrx_word' id='word_1_24' title='bbox 1243 261 1325 295; x_wconf 82' lang='lat' dir='ltr'>sieut</span> <span class='ocrx_word' id='word_1_25' title='bbox 1353 271 1417 294; x_wconf 92' lang='lat' dir='ltr'>non</span> <span class='ocrx_word' id='word_1_26' title='bbox 1443 266 1567 304; x_wconf 88' lang='lat' dir='ltr'>potest,</span> <span class='ocrx_word' id='word_1_27' title='bbox 1600 259 1817 303; x_wconf 73' lang='lat' dir='ltr'>perversitatis</span> 
     </span>
     <span class='ocr_line' id='line_1_11' title="bbox 1057 302 1817 366; baseline -0.005 -16"><span class='ocrx_word' id='word_1_28' title='bbox 1057 302 1059 366; x_wconf 47' lang='grc' dir='ltr'>ἱ</span> <span class='ocrx_word' id='word_1_29' title='bbox 1075 317 1351 350; x_wconf 66' lang='lat' dir='ltr'>communicatore</span> <span class='ocrx_word' id='word_1_30' title='bbox 1365 321 1526 360; x_wconf 82' lang='lat' dir='ltr'>suscepto,</span> <span class='ocrx_word' id='word_1_31' title='bbox 1539 325 1603 348; x_wconf 90' lang='lat' dir='ltr'>non</span> <span class='ocrx_word' id='word_1_32' title='bbox 1614 314 1734 359; x_wconf 85' lang='lat' dir='ltr'>pariter</span> <span class='ocrx_word' id='word_1_33' title='bbox 1745 324 1817 357; x_wconf 89' lang='lat' dir='ltr'>per-</span> 
     </span>
    </p>
   </div>
   <div class='ocr_carea' id='block_1_5' title="bbox 296 263 1040 310">
    <p class='ocr_par' dir='ltr' id='par_1_5' title="bbox 296 263 1040 310">
     <span class='ocr_line' id='line_1_12' title="bbox 296 263 1040 310; baseline -0.008 -9"><span class='ocrx_word' id='word_1_34' title='bbox 296 267 357 302; x_wconf 86' lang='lat' dir='ltr'>Sed</span> <span class='ocrx_word' id='word_1_35' title='bbox 382 268 511 310; x_wconf 75' lang='lat' dir='ltr'>(precor</span> <span class='ocrx_word' id='word_1_36' title='bbox 543 266 584 307; x_wconf 84' lang='lat' dir='ltr'>te)</span> <span class='ocrx_word' id='word_1_37' title='bbox 618 263 799 298; x_wconf 88' lang='lat' dir='ltr'>cuiusmodi</span> <span class='ocrx_word' id='word_1_38' title='bbox 833 263 948 296; x_wconf 88' lang='lat' dir='ltr'>debeat</span> <span class='ocrx_word' id='word_1_39' title='bbox 974 273 1040 296; x_wconf 84' lang='lat' dir='ltr'>esse</span> 
     </span>
    </p>
   </div>
   <div class='ocr_carea' id='block_1_6' title="bbox 295 315 1041 364">
    <p class='ocr_par' dir='ltr' id='par_1_6' title="bbox 295 315 1041 364">
     <span class='ocr_line' id='line_1_13' title="bbox 295 315 1041 364; baseline -0.008 -11"><span class='ocrx_word' id='word_1_40' title='bbox 295 331 355 364; x_wconf 87' lang='lat' dir='ltr'>pax</span> <span class='ocrx_word' id='word_1_41' title='bbox 386 319 472 363; x_wconf 77' lang='lat' dir='ltr'>ipsa,</span> <span class='ocrx_word' id='word_1_42' title='bbox 500 329 566 352; x_wconf 92' lang='lat' dir='ltr'>non</span> <span class='ocrx_word' id='word_1_43' title='bbox 587 324 774 361; x_wconf 86' lang='lat' dir='ltr'>utcumque,</span> <span class='ocrx_word' id='word_1_44' title='bbox 807 317 862 349; x_wconf 89' lang='lat' dir='ltr'>sed</span> <span class='ocrx_word' id='word_1_45' title='bbox 884 315 1041 349; x_wconf 73' lang='lat' dir='ltr'>veraciter</span> 
     </span>
    </p>
   </div>
   <div class='ocr_carea' id='block_1_7' title="bbox 292 370 1044 2187">
    <p class='ocr_par' dir='ltr' id='par_1_7' title="bbox 292 370 1044 2187">
     <span class='ocr_line' id='line_1_14' title="bbox 296 370 1038 410; baseline -0.008 -3"><span class='ocrx_word' id='word_1_46' title='bbox 296 374 471 407; x_wconf 86' lang='lat' dir='ltr'>christiana</span> <span class='ocrx_word' id='word_1_47' title='bbox 480 378 586 407; x_wconf 87' lang='lat' dir='ltr'>mente</span> <span class='ocrx_word' id='word_1_48' title='bbox 596 372 762 405; x_wconf 73' lang='lat' dir='ltr'>libremus.</span> <span class='ocrx_word' id='word_1_49' title='bbox 775 370 944 410; x_wconf 80' lang='lat' dir='ltr'>Quomodo</span> <span class='ocrx_word' id='word_1_50' title='bbox 954 370 1038 402; x_wconf 87' lang='lat' dir='ltr'>enim</span> 
     </span>
     <span class='ocr_line' id='line_1_15' title="bbox 295 423 1036 472; baseline -0.009 -10"><span class='ocrx_word' id='word_1_51' title='bbox 295 433 400 472; x_wconf 86' lang='lat' dir='ltr'>potest</span> <span class='ocrx_word' id='word_1_52' title='bbox 430 438 497 461; x_wconf 88' lang='lat' dir='ltr'>esse</span> <span class='ocrx_word' id='word_1_53' title='bbox 522 438 582 471; x_wconf 81' lang='lat' dir='ltr'>pax</span> <span class='ocrx_word' id='word_1_54' title='bbox 611 437 696 465; x_wconf 69' lang='lat' dir='ltr'>vera,</span> <span class='ocrx_word' id='word_1_55' title='bbox 721 425 770 458; x_wconf 91' lang='lat' dir='ltr'>cui</span> <span class='ocrx_word' id='word_1_56' title='bbox 793 424 932 458; x_wconf 87' lang='lat' dir='ltr'>charitas</span> <span class='ocrx_word' id='word_1_57' title='bbox 954 423 1036 456; x_wconf 90' lang='lat' dir='ltr'>inte-</span> 
     </span>
     <span class='ocr_line' id='line_1_16' title="bbox 295 477 1040 521; baseline -0.008 -7"><span class='ocrx_word' id='word_1_58' title='bbox 295 487 417 515; x_wconf 86' lang='lat' dir='ltr'>merata</span> <span class='ocrx_word' id='word_1_59' title='bbox 435 481 595 515; x_wconf 62' lang='lat' dir='ltr'>defuerit?</span> <span class='ocrx_word' id='word_1_60' title='bbox 608 479 749 514; x_wconf 84' lang='lat' dir='ltr'>Charitas</span> <span class='ocrx_word' id='word_1_61' title='bbox 763 484 882 515; x_wconf 89' lang='lat' dir='ltr'>autem,</span> <span class='ocrx_word' id='word_1_62' title='bbox 902 477 1040 521; x_wconf 85' lang='lat' dir='ltr'>qualiter</span> 
     </span>
     <span class='ocr_line' id='line_1_17' title="bbox 295 531 1039 574; baseline -0.008 -6"><span class='ocrx_word' id='word_1_63' title='bbox 295 545 363 568; x_wconf 86' lang='lat' dir='ltr'>esse</span> <span class='ocrx_word' id='word_1_64' title='bbox 395 535 522 574; x_wconf 82' lang='lat' dir='ltr'>debeat,</span> <span class='ocrx_word' id='word_1_65' title='bbox 558 533 652 566; x_wconf 85' lang='lat' dir='ltr'>nobis</span> <span class='ocrx_word' id='word_1_66' title='bbox 683 532 847 565; x_wconf 72' lang='lat' dir='ltr'>evidenter</span> <span class='ocrx_word' id='word_1_67' title='bbox 875 531 1039 574; x_wconf 85' lang='lat' dir='ltr'>apostolus</span> 
     </span>
     <span class='ocr_line' id='line_1_18' title="bbox 296 583 1040 632; baseline -0.012 -11"><span class='ocrx_word' id='word_1_68' title='bbox 296 586 496 632; x_wconf 79' lang='lat' dir='ltr'>praedicat¹,</span> <span class='ocrx_word' id='word_1_69' title='bbox 521 586 575 630; x_wconf 91' lang='lat' dir='ltr'>qui</span> <span class='ocrx_word' id='word_1_70' title='bbox 602 586 659 619; x_wconf 88' lang='lat' dir='ltr'>ait:</span> <span class='ocrx_word' id='word_1_71' title='bbox 696 585 850 619; x_wconf 76' lang='lat' dir='ltr'>Charitas</span> <span class='ocrx_word' id='word_1_72' title='bbox 876 584 913 616; x_wconf 73' lang='lat' dir='ltr'>(Ie</span> <span class='ocrx_word' id='word_1_73' title='bbox 948 583 1040 616; x_wconf 76' lang='lat' dir='ltr'>eorde</span> 
     </span>
     <span class='ocr_line' id='line_1_19' title="bbox 292 637 1038 685; baseline -0.005 -12"><span class='ocrx_word' id='word_1_74' title='bbox 292 651 376 685; x_wconf 73' lang='lat' dir='ltr'>puro</span> <span class='ocrx_word' id='word_1_75' title='bbox 391 645 419 673; x_wconf 84' lang='lat' dir='ltr'>et</span> <span class='ocrx_word' id='word_1_76' title='bbox 430 641 625 673; x_wconf 72' lang='lat' dir='ltr'>conscientia</span> <span class='ocrx_word' id='word_1_77' title='bbox 639 640 732 679; x_wconf 78' lang='lat' dir='ltr'>bona,</span> <span class='ocrx_word' id='word_1_78' title='bbox 747 643 775 671; x_wconf 74' lang='lat' dir='ltr'>cl</span> <span class='ocrx_word' id='word_1_79' title='bbox 788 637 922 680; x_wconf 78' lang='lat' dir='ltr'>fidenon</span> <span class='ocrx_word' id='word_1_80' title='bbox 937 637 1038 680; x_wconf 47' lang='lat' dir='ltr'>sieta?</span> 
     </span>
     <span class='ocr_line' id='line_1_20' title="bbox 295 691 1035 737; baseline -0.004 -11"><span class='ocrx_word' id='word_1_81' title='bbox 295 694 464 734; x_wconf 80' lang='lat' dir='ltr'>Quomodo</span> <span class='ocrx_word' id='word_1_82' title='bbox 486 694 621 737; x_wconf 70' lang='lat' dir='ltr'>(spraeso</span> <span class='ocrx_word' id='word_1_83' title='bbox 643 698 685 735; x_wconf 87' lang='lat' dir='ltr'>te)</span> <span class='ocrx_word' id='word_1_84' title='bbox 706 692 845 725; x_wconf 65' lang='lat' dir='ltr'>decante</span> <span class='ocrx_word' id='word_1_85' title='bbox 862 691 922 724; x_wconf 74' lang='lat' dir='ltr'>erit</span> <span class='ocrx_word' id='word_1_86' title='bbox 940 701 1035 734; x_wconf 78' lang='lat' dir='ltr'>puro,</span> 
     </span>
     <span class='ocr_line' id='line_1_21' title="bbox 295 744 1038 790; baseline -0.008 -8"><span class='ocrx_word' id='word_1_87' title='bbox 295 749 319 782; x_wconf 86' lang='lat' dir='ltr'>si</span> <span class='ocrx_word' id='word_1_88' title='bbox 338 748 488 790; x_wconf 69' lang='lat' dir='ltr'>contagio</span> <span class='ocrx_word' id='word_1_89' title='bbox 510 747 673 781; x_wconf 85' lang='lat' dir='ltr'>inficiatur</span> <span class='ocrx_word' id='word_1_90' title='bbox 696 746 850 779; x_wconf 65' lang='lat' dir='ltr'>externo?</span> <span class='ocrx_word' id='word_1_91' title='bbox 873 744 1038 785; x_wconf 79' lang='lat' dir='ltr'>Quomodo</span> 
     </span>
     <span class='ocr_line' id='line_1_22' title="bbox 295 799 1036 844; baseline -0.007 -9"><span class='ocrx_word' id='word_1_92' title='bbox 295 803 333 835; x_wconf 70' lang='lat' dir='ltr'>&lt;Ie</span> <span class='ocrx_word' id='word_1_93' title='bbox 350 802 545 835; x_wconf 73' lang='lat' dir='ltr'>conscientia</span> <span class='ocrx_word' id='word_1_94' title='bbox 568 801 660 842; x_wconf 76' lang='lat' dir='ltr'>bona,</span> <span class='ocrx_word' id='word_1_95' title='bbox 685 800 709 833; x_wconf 89' lang='lat' dir='ltr'>si</span> <span class='ocrx_word' id='word_1_96' title='bbox 731 799 837 844; x_wconf 83' lang='lat' dir='ltr'>pravis</span> <span class='ocrx_word' id='word_1_97' title='bbox 854 799 949 832; x_wconf 80' lang='lat' dir='ltr'>suerit</span> <span class='ocrx_word' id='word_1_98' title='bbox 966 809 1036 830; x_wconf 88' lang='lat' dir='ltr'>ma-</span> 
     </span>
     <span class='ocr_line' id='line_1_23' title="bbox 296 851 1041 900; baseline -0.007 -12"><span class='ocrx_word' id='word_1_99' title='bbox 296 856 399 900; x_wconf 86' lang='lat' dir='ltr'>lisque</span> <span class='ocrx_word' id='word_1_100' title='bbox 432 854 604 889; x_wconf 82' lang='lat' dir='ltr'>commixta</span> <span class='ocrx_word' id='word_1_101' title='bbox 618 855 632 886; x_wconf 60' lang='grc' dir='ltr'>ἃ)</span> <span class='ocrx_word' id='word_1_102' title='bbox 661 853 943 893; x_wconf 76' lang='lat' dir='ltr'>Quemadmodum</span> <span class='ocrx_word' id='word_1_103' title='bbox 979 851 1041 894; x_wconf 74' lang='lat' dir='ltr'>(ide</span> 
     </span>
     <span class='ocr_line' id='line_1_24' title="bbox 296 905 1036 953; baseline -0.008 -10"><span class='ocrx_word' id='word_1_104' title='bbox 296 921 360 943; x_wconf 80' lang='lat' dir='ltr'>non</span> <span class='ocrx_word' id='word_1_105' title='bbox 383 910 470 953; x_wconf 77' lang='lat' dir='ltr'>ficta,</span> <span class='ocrx_word' id='word_1_106' title='bbox 497 909 522 942; x_wconf 85' lang='lat' dir='ltr'>si</span> <span class='ocrx_word' id='word_1_107' title='bbox 553 913 681 941; x_wconf 86' lang='lat' dir='ltr'>maneat</span> <span class='ocrx_word' id='word_1_108' title='bbox 706 907 823 941; x_wconf 87' lang='lat' dir='ltr'>sociata</span> <span class='ocrx_word' id='word_1_109' title='bbox 842 917 914 940; x_wconf 86' lang='lat' dir='ltr'>cum</span> <span class='ocrx_word' id='word_1_110' title='bbox 936 905 1036 949; x_wconf 80' lang='lat' dir='ltr'>perti-</span> 
     </span>
     <span class='ocr_line' id='line_1_25' title="bbox 296 958 1040 1004; baseline -0.008 -7"><span class='ocrx_word' id='word_1_111' title='bbox 296 964 365 997; x_wconf 80' lang='lat' dir='ltr'>dis‘?</span> <span class='ocrx_word' id='word_1_112' title='bbox 390 964 477 1003; x_wconf 88' lang='lat' dir='ltr'>Quae</span> <span class='ocrx_word' id='word_1_113' title='bbox 499 972 570 995; x_wconf 85' lang='lat' dir='ltr'>cum</span> <span class='ocrx_word' id='word_1_114' title='bbox 596 973 613 994; x_wconf 88' lang='lat' dir='ltr'>a</span> <span class='ocrx_word' id='word_1_115' title='bbox 636 961 730 994; x_wconf 82' lang='lat' dir='ltr'>nohis</span> <span class='ocrx_word' id='word_1_116' title='bbox 754 970 850 1004; x_wconf 86' lang='lat' dir='ltr'>saepe</span> <span class='ocrx_word' id='word_1_117' title='bbox 871 959 933 992; x_wconf 88' lang='lat' dir='ltr'>iam</span> <span class='ocrx_word' id='word_1_118' title='bbox 956 958 1040 992; x_wconf 89' lang='lat' dir='ltr'>dieta</span> 
     </span>
     <span class='ocr_line' id='line_1_26' title="bbox 295 1013 1040 1058; baseline -0.004 -8"><span class='ocrx_word' id='word_1_119' title='bbox 295 1017 368 1058; x_wconf 86' lang='lat' dir='ltr'>sint,</span> <span class='ocrx_word' id='word_1_120' title='bbox 392 1027 521 1050; x_wconf 86' lang='lat' dir='ltr'>necesse</span> <span class='ocrx_word' id='word_1_121' title='bbox 547 1020 593 1048; x_wconf 88' lang='lat' dir='ltr'>est</span> <span class='ocrx_word' id='word_1_122' title='bbox 614 1021 722 1048; x_wconf 82' lang='lat' dir='ltr'>tamen</span> <span class='ocrx_word' id='word_1_123' title='bbox 737 1013 1040 1048; x_wconf 76' lang='lat' dir='ltr'>incessabiliterite-</span> 
     </span>
     <span class='ocr_line' id='line_1_27' title="bbox 296 1066 1040 1111; baseline -0.005 -8"><span class='ocrx_word' id='word_1_124' title='bbox 296 1070 370 1111; x_wconf 90' lang='lat' dir='ltr'>rari,</span> <span class='ocrx_word' id='word_1_125' title='bbox 395 1074 426 1103; x_wconf 90' lang='lat' dir='ltr'>et</span> <span class='ocrx_word' id='word_1_126' title='bbox 447 1068 568 1102; x_wconf 89' lang='lat' dir='ltr'>tamdiu</span> <span class='ocrx_word' id='word_1_127' title='bbox 589 1078 653 1101; x_wconf 90' lang='lat' dir='ltr'>non</span> <span class='ocrx_word' id='word_1_128' title='bbox 676 1067 783 1108; x_wconf 84' lang='lat' dir='ltr'>taceri,</span> <span class='ocrx_word' id='word_1_129' title='bbox 805 1066 961 1111; x_wconf 82' lang='lat' dir='ltr'>quamdiu</span> <span class='ocrx_word' id='word_1_130' title='bbox 983 1077 1040 1100; x_wconf 92' lang='lat' dir='ltr'>no-</span> 
     </span>
     <span class='ocr_line' id='line_1_28' title="bbox 296 1123 1038 1169; baseline -0.005 -11"><span class='ocrx_word' id='word_1_131' title='bbox 296 1135 369 1158; x_wconf 89' lang='lat' dir='ltr'>men</span> <span class='ocrx_word' id='word_1_132' title='bbox 390 1123 477 1169; x_wconf 89' lang='lat' dir='ltr'>pacis</span> <span class='ocrx_word' id='word_1_133' title='bbox 498 1123 704 1163; x_wconf 70' lang='lat' dir='ltr'>obtenditurj,</span> <span class='ocrx_word' id='word_1_134' title='bbox 736 1127 771 1155; x_wconf 89' lang='lat' dir='ltr'>ut</span> <span class='ocrx_word' id='word_1_135' title='bbox 801 1126 948 1155; x_wconf 82' lang='lat' dir='ltr'>nostrum</span> <span class='ocrx_word' id='word_1_136' title='bbox 974 1132 1038 1155; x_wconf 88' lang='lat' dir='ltr'>non</span> 
     </span>
     <span class='ocr_line' id='line_1_29' title="bbox 296 1176 1036 1221; baseline -0.004 -10"><span class='ocrx_word' id='word_1_137' title='bbox 296 1178 336 1212; x_wconf 85' lang='lat' dir='ltr'>sit</span> <span class='ocrx_word' id='word_1_138' title='bbox 357 1179 405 1221; x_wconf 88' lang='lat' dir='ltr'>(ut</span> <span class='ocrx_word' id='word_1_139' title='bbox 425 1177 582 1211; x_wconf 80' lang='lat' dir='ltr'>invidiose</span> <span class='ocrx_word' id='word_1_140' title='bbox 607 1177 757 1219; x_wconf 80' lang='lat' dir='ltr'>iactatur)</span> <span class='ocrx_word' id='word_1_141' title='bbox 784 1176 888 1209; x_wconf 85' lang='lat' dir='ltr'>facere</span> <span class='ocrx_word' id='word_1_142' title='bbox 911 1187 1036 1220; x_wconf 82' lang='lat' dir='ltr'>pacem,</span> 
     </span>
     <span class='ocr_line' id='line_1_30' title="bbox 298 1229 1039 1273; baseline -0.004 -8"><span class='ocrx_word' id='word_1_143' title='bbox 298 1232 353 1265; x_wconf 90' lang='lat' dir='ltr'>sed</span> <span class='ocrx_word' id='word_1_144' title='bbox 386 1231 507 1265; x_wconf 79' lang='lat' dir='ltr'>talem³</span> <span class='ocrx_word' id='word_1_145' title='bbox 539 1231 619 1264; x_wconf 80' lang='lat' dir='ltr'>velle</span> <span class='ocrx_word' id='word_1_146' title='bbox 648 1231 844 1270; x_wconf 83' lang='lat' dir='ltr'>doceamus,</span> <span class='ocrx_word' id='word_1_147' title='bbox 876 1229 979 1273; x_wconf 90' lang='lat' dir='ltr'>qualis</span> <span class='ocrx_word' id='word_1_148' title='bbox 1010 1235 1039 1263; x_wconf 88' lang='lat' dir='ltr'>et</span> 
     </span>
     <span class='ocr_line' id='line_1_31' title="bbox 297 1283 1039 1330; baseline -0.003 -11"><span class='ocrx_word' id='word_1_149' title='bbox 297 1286 365 1319; x_wconf 83' lang='lat' dir='ltr'>sola</span> <span class='ocrx_word' id='word_1_150' title='bbox 378 1297 439 1330; x_wconf 72' lang='lat' dir='ltr'>pax</span> <span class='ocrx_word' id='word_1_151' title='bbox 453 1296 532 1325; x_wconf 86' lang='lat' dir='ltr'>esse,</span> <span class='ocrx_word' id='word_1_152' title='bbox 549 1290 576 1317; x_wconf 90' lang='lat' dir='ltr'>et</span> <span class='ocrx_word' id='word_1_153' title='bbox 589 1290 719 1328; x_wconf 85' lang='lat' dir='ltr'>praeter</span> <span class='ocrx_word' id='word_1_154' title='bbox 730 1294 826 1327; x_wconf 84' lang='lat' dir='ltr'>quam</span> <span class='ocrx_word' id='word_1_155' title='bbox 849 1283 937 1316; x_wconf 89' lang='lat' dir='ltr'>nulla</span> <span class='ocrx_word' id='word_1_156' title='bbox 949 1283 958 1299; x_wconf 85' lang='lat'>⁴</span> <span class='ocrx_word' id='word_1_157' title='bbox 972 1294 1039 1317; x_wconf 84' lang='lat' dir='ltr'>esse</span> 
     </span>
     <span class='ocr_line' id='line_1_32' title="bbox 298 1337 1037 1382; baseline -0.005 -9"><span class='ocrx_word' id='word_1_158' title='bbox 298 1344 507 1373; x_wconf 86' lang='lat' dir='ltr'>monstratur.</span> <span class='ocrx_word' id='word_1_159' title='bbox 533 1337 767 1382; x_wconf 66' lang='lat' dir='ltr'>Eutychianum</span> <span class='ocrx_word' id='word_1_160' title='bbox 798 1342 883 1370; x_wconf 85' lang='lat' dir='ltr'>certe</span> <span class='ocrx_word' id='word_1_161' title='bbox 908 1337 1037 1379; x_wconf 71' lang='lat' dir='ltr'>dogma,</span> 
     </span>
     <span class='ocr_line' id='line_1_33' title="bbox 298 1390 1041 1436; baseline -0.004 -10"><span class='ocrx_word' id='word_1_162' title='bbox 298 1399 412 1426; x_wconf 86' lang='lat' dir='ltr'>eontra</span> <span class='ocrx_word' id='word_1_163' title='bbox 441 1392 529 1436; x_wconf 89' lang='lat' dir='ltr'>quod</span> <span class='ocrx_word' id='word_1_164' title='bbox 560 1390 763 1435; x_wconf 71' lang='lat' dir='ltr'>Apostolicae</span> <span class='ocrx_word' id='word_1_165' title='bbox 791 1390 880 1424; x_wconf 84' lang='lat' dir='ltr'>Sedis</span> <span class='ocrx_word' id='word_1_166' title='bbox 916 1391 1041 1423; x_wconf 87' lang='lat' dir='ltr'>cautela</span> 
     </span>
     <span class='ocr_line' id='line_1_34' title="bbox 298 1444 1038 1491; baseline -0.003 -12"><span class='ocrx_word' id='word_1_167' title='bbox 298 1446 476 1491; x_wconf 69' lang='lat' dir='ltr'>pervigilat,</span> <span class='ocrx_word' id='word_1_168' title='bbox 505 1445 530 1478; x_wconf 91' lang='lat' dir='ltr'>si</span> <span class='ocrx_word' id='word_1_169' title='bbox 556 1444 699 1478; x_wconf 81' lang='lat' dir='ltr'>creditur</span> <span class='ocrx_word' id='word_1_170' title='bbox 723 1445 808 1478; x_wconf 82' lang='lat' dir='ltr'>salva</span> <span class='ocrx_word' id='word_1_171' title='bbox 830 1444 903 1477; x_wconf 88' lang='lat' dir='ltr'>tidei</span> <span class='ocrx_word' id='word_1_172' title='bbox 926 1444 1038 1478; x_wconf 80' lang='lat' dir='ltr'>catho-</span> 
     </span>
     <span class='ocr_line' id='line_1_35' title="bbox 299 1499 1038 1544; baseline -0.003 -11"><span class='ocrx_word' id='word_1_173' title='bbox 299 1500 378 1533; x_wconf 87' lang='lat' dir='ltr'>lieae</span> <span class='ocrx_word' id='word_1_174' title='bbox 398 1510 492 1544; x_wconf 89' lang='lat' dir='ltr'>posse</span> <span class='ocrx_word' id='word_1_175' title='bbox 517 1499 650 1532; x_wconf 71' lang='lat' dir='ltr'>veritate</span> <span class='ocrx_word' id='word_1_176' title='bbox 674 1504 832 1539; x_wconf 81' lang='lat' dir='ltr'>constare,</span> <span class='ocrx_word' id='word_1_177' title='bbox 857 1504 1038 1542; x_wconf 86' lang='lat' dir='ltr'>promatur,</span> 
     </span>
     <span class='ocr_line' id='line_1_36' title="bbox 299 1551 1043 1597; baseline -0.004 -10"><span class='ocrx_word' id='word_1_178' title='bbox 299 1559 469 1593; x_wconf 72' lang='lat' dir='ltr'>asseratur,</span> <span class='ocrx_word' id='word_1_179' title='bbox 485 1559 515 1586; x_wconf 88' lang='lat' dir='ltr'>et</span> <span class='ocrx_word' id='word_1_180' title='bbox 532 1552 740 1597; x_wconf 69' lang='lat' dir='ltr'>quantislibet</span> <span class='ocrx_word' id='word_1_181' title='bbox 757 1551 877 1584; x_wconf 84' lang='lat' dir='ltr'>viribus</span> <span class='ocrx_word' id='word_1_182' title='bbox 898 1551 1043 1584; x_wconf 89' lang='lat' dir='ltr'>adstrua-</span> 
     </span>
     <span class='ocr_line' id='line_1_37' title="bbox 301 1605 1043 1650; baseline -0.004 -10"><span class='ocrx_word' id='word_1_183' title='bbox 301 1613 362 1647; x_wconf 83' lang='lat' dir='ltr'>tur,</span> <span class='ocrx_word' id='word_1_184' title='bbox 375 1612 485 1640; x_wconf 86' lang='lat' dir='ltr'>utnon</span> <span class='ocrx_word' id='word_1_185' title='bbox 500 1607 604 1640; x_wconf 89' lang='lat' dir='ltr'>solum</span> <span class='ocrx_word' id='word_1_186' title='bbox 619 1617 677 1650; x_wconf 86' lang='lat' dir='ltr'>per</span> <span class='ocrx_word' id='word_1_187' title='bbox 698 1606 851 1650; x_wconf 88' lang='lat' dir='ltr'>seipsum,</span> <span class='ocrx_word' id='word_1_188' title='bbox 876 1616 973 1649; x_wconf 85' lang='lat' dir='ltr'>quam</span> <span class='ocrx_word' id='word_1_189' title='bbox 985 1605 1043 1638; x_wconf 89' lang='lat' dir='ltr'>ini-</span> 
     </span>
     <span class='ocr_line' id='line_1_38' title="bbox 299 1651 1038 1704; baseline -0.001 -11"><span class='ocrx_word' id='word_1_190' title='bbox 299 1662 419 1694; x_wconf 87' lang='lat' dir='ltr'>micum</span> <span class='ocrx_word' id='word_1_191' title='bbox 441 1661 480 1694; x_wconf 88' lang='lat' dir='ltr'>sit</span> <span class='ocrx_word' id='word_1_192' title='bbox 494 1660 568 1694; x_wconf 82' lang='lat' dir='ltr'>fidei</span> <span class='ocrx_word' id='word_1_193' title='bbox 584 1659 777 1693; x_wconf 84' lang='lat' dir='ltr'>christianae</span> <span class='ocrx_word' id='word_1_194' title='bbox 791 1651 1038 1704; x_wconf 82' lang='lat' dir='ltr'>possitostendi,</span> 
     </span>
     <span class='ocr_line' id='line_1_39' title="bbox 299 1714 1041 1759; baseline -0.003 -11"><span class='ocrx_word' id='word_1_195' title='bbox 299 1715 353 1749; x_wconf 90' lang='lat' dir='ltr'>sed</span> <span class='ocrx_word' id='word_1_196' title='bbox 375 1720 511 1759; x_wconf 85' lang='lat' dir='ltr'>quantas</span> <span class='ocrx_word' id='word_1_197' title='bbox 525 1720 552 1747; x_wconf 87' lang='lat' dir='ltr'>et</span> <span class='ocrx_word' id='word_1_198' title='bbox 575 1725 670 1758; x_wconf 88' lang='lat' dir='ltr'>quam</span> <span class='ocrx_word' id='word_1_199' title='bbox 694 1714 828 1748; x_wconf 84' lang='lat' dir='ltr'>lethales</span> <span class='ocrx_word' id='word_1_200' title='bbox 849 1714 997 1747; x_wconf 80' lang='lat' dir='ltr'>haereses</span> <span class='ocrx_word' id='word_1_201' title='bbox 1011 1714 1041 1746; x_wconf 92' lang='lat' dir='ltr'>in</span> 
     </span>
     <span class='ocr_line' id='line_1_40' title="bbox 298 1768 1041 1809; baseline -0.003 -7"><span class='ocrx_word' id='word_1_202' title='bbox 298 1779 355 1802; x_wconf 89' lang='lat' dir='ltr'>sua</span> <span class='ocrx_word' id='word_1_203' title='bbox 380 1768 543 1802; x_wconf 86' lang='lat' dir='ltr'>contineat</span> <span class='ocrx_word' id='word_1_204' title='bbox 568 1768 765 1809; x_wconf 80' lang='lat' dir='ltr'>colluvione,</span> <span class='ocrx_word' id='word_1_205' title='bbox 799 1768 982 1801; x_wconf 84' lang='lat' dir='ltr'>monstrari.</span> <span class='ocrx_word' id='word_1_206' title='bbox 1011 1768 1041 1802; x_wconf 84' lang='lat' dir='ltr'>Si</span> 
     </span>
     <span class='ocr_line' id='line_1_41' title="bbox 299 1821 1042 1865; baseline -0.003 -9"><span class='ocrx_word' id='word_1_207' title='bbox 299 1828 405 1856; x_wconf 87' lang='lat' dir='ltr'>autem</span> <span class='ocrx_word' id='word_1_208' title='bbox 422 1823 471 1861; x_wconf 87' lang='lat' dir='ltr'>(ut</span> <span class='ocrx_word' id='word_1_209' title='bbox 489 1822 591 1865; x_wconf 73' lang='lat' dir='ltr'>magis</span> <span class='ocrx_word' id='word_1_210' title='bbox 609 1821 818 1864; x_wconf 78' lang='lat' dir='ltr'>confidimus)</span> <span class='ocrx_word' id='word_1_211' title='bbox 840 1832 856 1854; x_wconf 87' lang='lat' dir='ltr'>a</span> <span class='ocrx_word' id='word_1_212' title='bbox 877 1821 1042 1855; x_wconf 72' lang='lat' dir='ltr'>catholicis¹</span> 
     </span>
     <span class='ocr_line' id='line_1_42' title="bbox 299 1876 1042 1919; baseline 0 -10"><span class='ocrx_word' id='word_1_213' title='bbox 299 1876 446 1910; x_wconf 86' lang='lat' dir='ltr'>iudicatis</span> <span class='ocrx_word' id='word_1_214' title='bbox 468 1876 629 1909; x_wconf 79' lang='lat' dir='ltr'>mentibus</span> <span class='ocrx_word' id='word_1_215' title='bbox 650 1876 898 1916; x_wconf 76' lang='lat' dir='ltr'>excludendum,</span> <span class='ocrx_word' id='word_1_216' title='bbox 923 1886 1042 1919; x_wconf 83' lang='lat' dir='ltr'>quaeso</span> 
     </span>
     <span class='ocr_line' id='line_1_43' title="bbox 301 1929 1040 1971; baseline -0.003 -8"><span class='ocrx_word' id='word_1_217' title='bbox 301 1936 340 1971; x_wconf 83' lang='lat' dir='ltr'>te,</span> <span class='ocrx_word' id='word_1_218' title='bbox 366 1941 433 1971; x_wconf 87' lang='lat' dir='ltr'>eur,</span> <span class='ocrx_word' id='word_1_219' title='bbox 462 1940 526 1963; x_wconf 90' lang='lat' dir='ltr'>non</span> <span class='ocrx_word' id='word_1_220' title='bbox 558 1935 586 1962; x_wconf 88' lang='lat' dir='ltr'>et</span> <span class='ocrx_word' id='word_1_221' title='bbox 621 1929 769 1971; x_wconf 66' lang='lat' dir='ltr'>contagia</span> <span class='ocrx_word' id='word_1_222' title='bbox 794 1929 889 1962; x_wconf 86' lang='lat' dir='ltr'>simul</span> <span class='ocrx_word' id='word_1_223' title='bbox 915 1939 1040 1970; x_wconf 79' lang='lat' dir='ltr'>eorum,</span> 
     </span>
     <span class='ocr_line' id='line_1_44' title="bbox 299 1982 1043 2028; baseline -0.001 -12"><span class='ocrx_word' id='word_1_224' title='bbox 299 1984 354 2028; x_wconf 84' lang='lat' dir='ltr'>qui</span> <span class='ocrx_word' id='word_1_225' title='bbox 375 1984 434 2016; x_wconf 87' lang='lat' dir='ltr'>hac</span> <span class='ocrx_word' id='word_1_226' title='bbox 449 1983 630 2027; x_wconf 84' lang='lat' dir='ltr'>probantur</span> <span class='ocrx_word' id='word_1_227' title='bbox 644 1993 711 2015; x_wconf 84' lang='lat' dir='ltr'>esse</span> <span class='ocrx_word' id='word_1_228' title='bbox 725 1982 851 2026; x_wconf 86' lang='lat' dir='ltr'>polluti⁷</span> <span class='ocrx_word' id='word_1_229' title='bbox 870 1982 1043 2015; x_wconf 80' lang='lat' dir='ltr'>decernitis</span> 
     </span>
     <span class='ocr_line' id='line_1_45' title="bbox 303 2035 1044 2079; baseline -0.003 -10"><span class='ocrx_word' id='word_1_230' title='bbox 303 2037 486 2077; x_wconf 83' lang='lat' dir='ltr'>refutanda,</span> <span class='ocrx_word' id='word_1_231' title='bbox 508 2047 580 2069; x_wconf 82' lang='lat' dir='ltr'>cum</span> <span class='ocrx_word' id='word_1_232' title='bbox 597 2036 683 2069; x_wconf 83' lang='lat' dir='ltr'>dicat</span> <span class='ocrx_word' id='word_1_233' title='bbox 700 2035 887 2079; x_wconf 75' lang='lat' dir='ltr'>Apostolus:</span> <span class='ocrx_word' id='word_1_234' title='bbox 905 2035 978 2068; x_wconf 62' lang='lat' dir='ltr'>Non</span> <span class='ocrx_word' id='word_1_235' title='bbox 996 2047 1044 2067; x_wconf 75' lang='lat' dir='ltr'>so-</span> 
     </span>
     <span class='ocr_line' id='line_1_46' title="bbox 301 2089 1040 2134; baseline -0.001 -12"><span class='ocrx_word' id='word_1_236' title='bbox 301 2090 365 2122; x_wconf 79' lang='lat' dir='ltr'>lum</span> <span class='ocrx_word' id='word_1_237' title='bbox 379 2090 439 2134; x_wconf 72' lang='lat' dir='ltr'>qui</span> <span class='ocrx_word' id='word_1_238' title='bbox 452 2089 676 2133; x_wconf 63' lang='lat' dir='ltr'>nonfacienda</span> <span class='ocrx_word' id='word_1_239' title='bbox 690 2089 828 2133; x_wconf 64' lang='lat' dir='ltr'>faciunt,</span> <span class='ocrx_word' id='word_1_240' title='bbox 846 2099 912 2121; x_wconf 73' lang='lat' dir='ltr'>reos</span> <span class='ocrx_word' id='word_1_241' title='bbox 929 2089 1040 2129; x_wconf 73' lang='lat' dir='ltr'>rideri,</span> 
     </span>
     <span class='ocr_line' id='line_1_47' title="bbox 299 2142 1044 2187; baseline -0.001 -11"><span class='ocrx_word' id='word_1_242' title='bbox 299 2144 353 2178; x_wconf 72' lang='lat' dir='ltr'>secl</span> <span class='ocrx_word' id='word_1_243' title='bbox 376 2144 476 2177; x_wconf 79' lang='lat' dir='ltr'>etiam</span> <span class='ocrx_word' id='word_1_244' title='bbox 495 2144 555 2187; x_wconf 79' lang='lat' dir='ltr'>qui</span> <span class='ocrx_word' id='word_1_245' title='bbox 574 2143 777 2176; x_wconf 68' lang='lat' dir='ltr'>consentiant</span> <span class='ocrx_word' id='word_1_246' title='bbox 794 2143 988 2185; x_wconf 73' lang='lat' dir='ltr'>facientibus</span> <span class='ocrx_word' id='word_1_247' title='bbox 1006 2142 1044 2175; x_wconf 64' lang='grc' dir='ltr'>ς’5)</span> 
     </span>
    </p>
   </div>
   <div class='ocr_carea' id='block_1_8' title="bbox 300 2276 1046 2671">
    <p class='ocr_par' dir='ltr' id='par_1_8' title="bbox 336 2276 1042 2312">
     <span class='ocr_line' id='line_1_48' title="bbox 336 2276 1042 2312; baseline -0.001 -7"><span class='ocrx_word' id='word_1_248' title='bbox 336 2279 346 2305; x_wconf 82' lang='grc'>1</span> <span class='ocrx_word' id='word_1_249' title='bbox 365 2287 375 2303; x_wconf 70' lang='grc' dir='ltr'><em>α</em></span> <span class='ocrx_word' id='word_1_250' title='bbox 383 2278 439 2305; x_wconf 81' lang='lat' dir='ltr'>Per</span> <span class='ocrx_word' id='word_1_251' title='bbox 449 2277 617 2312; x_wconf 77' lang='lat' dir='ltr'>Apostolum</span> <span class='ocrx_word' id='word_1_252' title='bbox 625 2276 814 2312; x_wconf 75' lang='lat' dir='ltr'>praedicatur</span> <span class='ocrx_word' id='word_1_253' title='bbox 823 2286 849 2303; x_wconf 76' lang='lat'>».</span> <span class='ocrx_word' id='word_1_254' title='bbox 862 2276 928 2304; x_wconf 80' lang='lat' dir='ltr'>Cod.</span> <span class='ocrx_word' id='word_1_255' title='bbox 940 2277 1042 2305; x_wconf 87' lang='lat' dir='ltr'>Veron.</span> 
     </span>
    </p>

    <p class='ocr_par' dir='ltr' id='par_1_9' title="bbox 334 2321 587 2353">
     <span class='ocr_line' id='line_1_49' title="bbox 334 2321 587 2353; baseline -0.004 -4"><span class='ocrx_word' id='word_1_256' title='bbox 334 2322 351 2349; x_wconf 79' lang='lat'>2</span> <span class='ocrx_word' id='word_1_257' title='bbox 368 2322 375 2348; x_wconf 90' lang='lat' dir='ltr'>l</span> <span class='ocrx_word' id='word_1_258' title='bbox 393 2321 510 2349; x_wconf 84' lang='lat' dir='ltr'>Timoth.</span> <span class='ocrx_word' id='word_1_259' title='bbox 527 2328 545 2353; x_wconf 80' lang='grc' dir='ltr'>ι,</span> <span class='ocrx_word' id='word_1_260' title='bbox 561 2321 587 2348; x_wconf 90' lang='grc'>5.</span> 
     </span>
    </p>

    <p class='ocr_par' dir='ltr' id='par_1_10' title="bbox 335 2366 1043 2403">
     <span class='ocr_line' id='line_1_50' title="bbox 335 2366 1043 2403; baseline -0.001 -9"><span class='ocrx_word' id='word_1_261' title='bbox 335 2368 351 2394; x_wconf 80' lang='grc'><strong>3</strong></span> <span class='ocrx_word' id='word_1_262' title='bbox 371 2367 414 2394; x_wconf 83' lang='grc' dir='ltr'>ΑΙ.</span> <span class='ocrx_word' id='word_1_263' title='bbox 436 2375 578 2403; x_wconf 78' lang='lat' dir='ltr'>perperam</span> <span class='ocrx_word' id='word_1_264' title='bbox 599 2366 631 2394; x_wconf 81' lang='lat' dir='ltr'>ad</span> <span class='ocrx_word' id='word_1_265' title='bbox 648 2370 716 2394; x_wconf 84' lang='lat' dir='ltr'>orat.</span> <span class='ocrx_word' id='word_1_266' title='bbox 734 2370 850 2393; x_wconf 75' lang='lat' dir='ltr'>context.</span> <span class='ocrx_word' id='word_1_267' title='bbox 872 2367 920 2394; x_wconf 83' lang='lat' dir='ltr'>sed</span> <span class='ocrx_word' id='word_1_268' title='bbox 941 2369 1043 2395; x_wconf 77' lang='lat' dir='ltr'>tamen.</span> 
     </span>
    </p>

    <p class='ocr_par' dir='ltr' id='par_1_11' title="bbox 336 2410 805 2438">
     <span class='ocr_line' id='line_1_51' title="bbox 336 2410 805 2438; baseline 0.006 -4"><span class='ocrx_word' id='word_1_269' title='bbox 336 2412 351 2438; x_wconf 73' lang='grc'>4</span> <span class='ocrx_word' id='word_1_270' title='bbox 376 2422 387 2435; x_wconf 61' lang='lat' dir='ltr'>a</span> <span class='ocrx_word' id='word_1_271' title='bbox 402 2412 468 2438; x_wconf 70' lang='lat' dir='ltr'>Pam</span> <span class='ocrx_word' id='word_1_272' title='bbox 487 2412 568 2438; x_wconf 79' lang='lat' dir='ltr'>nulla</span> <span class='ocrx_word' id='word_1_273' title='bbox 583 2421 608 2438; x_wconf 85' lang='lat'>».</span> <span class='ocrx_word' id='word_1_274' title='bbox 627 2410 692 2438; x_wconf 73' lang='lat' dir='ltr'>nod.</span> <span class='ocrx_word' id='word_1_275' title='bbox 709 2410 805 2438; x_wconf 82' lang='lat' dir='ltr'>Veron.</span> 
     </span>
    </p>

    <p class='ocr_par' dir='ltr' id='par_1_12' title="bbox 301 2455 1046 2534">
     <span class='ocr_line' id='line_1_52' title="bbox 336 2455 1046 2490; baseline 0 -7"><span class='ocrx_word' id='word_1_276' title='bbox 336 2457 352 2484; x_wconf 87' lang='lat'>5</span> <span class='ocrx_word' id='word_1_277' title='bbox 369 2456 443 2483; x_wconf 81' lang='lat' dir='ltr'>Rom.</span> <span class='ocrx_word' id='word_1_278' title='bbox 467 2462 492 2490; x_wconf 77' lang='lat'>1,</span> <span class='ocrx_word' id='word_1_279' title='bbox 511 2456 563 2488; x_wconf 74' lang='lat'>32,</span> <span class='ocrx_word' id='word_1_280' title='bbox 586 2455 631 2482; x_wconf 88' lang='lat' dir='ltr'>ubi</span> <span class='ocrx_word' id='word_1_281' title='bbox 659 2455 735 2490; x_wconf 80' lang='lat' dir='ltr'>Vulg.</span> <span class='ocrx_word' id='word_1_282' title='bbox 758 2455 860 2490; x_wconf 84' lang='lat' dir='ltr'>inquit:</span> <span class='ocrx_word' id='word_1_283' title='bbox 879 2455 964 2490; x_wconf 70' lang='lat' dir='ltr'>(liqui</span> <span class='ocrx_word' id='word_1_284' title='bbox 979 2457 1046 2483; x_wconf 75' lang='lat' dir='ltr'>sunt</span> 
     </span>
     <span class='ocr_line' id='line_1_53' title="bbox 301 2500 908 2534; baseline -0.003 -6"><span class='ocrx_word' id='word_1_285' title='bbox 301 2504 393 2529; x_wconf 78' lang='lat' dir='ltr'>morte</span> <span class='ocrx_word' id='word_1_286' title='bbox 407 2504 431 2528; x_wconf 82' lang='lat' dir='ltr'>el</span> <span class='ocrx_word' id='word_1_287' title='bbox 447 2509 505 2527; x_wconf 79' lang='lat' dir='ltr'>non</span> <span class='ocrx_word' id='word_1_288' title='bbox 520 2501 613 2527; x_wconf 81' lang='lat' dir='ltr'>solum</span> <span class='ocrx_word' id='word_1_289' title='bbox 634 2500 684 2534; x_wconf 77' lang='lat' dir='ltr'>qui</span> <span class='ocrx_word' id='word_1_290' title='bbox 699 2508 733 2526; x_wconf 83' lang='lat' dir='ltr'>ea</span> <span class='ocrx_word' id='word_1_291' title='bbox 752 2501 908 2534; x_wconf 56' lang='lat' dir='ltr'>fuciunt...</span> 
     </span>
    </p>

    <p class='ocr_par' dir='ltr' id='par_1_13' title="bbox 300 2544 1044 2671">
     <span class='ocr_line' id='line_1_54' title="bbox 336 2544 1044 2581; baseline -0.001 -9"><span class='ocrx_word' id='word_1_292' title='bbox 336 2546 353 2573; x_wconf 82' lang='lat'><strong>6</strong></span> <span class='ocrx_word' id='word_1_293' title='bbox 373 2545 517 2581; x_wconf 83' lang='lat' dir='ltr'>Perperam</span> <span class='ocrx_word' id='word_1_294' title='bbox 533 2544 593 2572; x_wconf 82' lang='lat' dir='ltr'>cod.</span> <span class='ocrx_word' id='word_1_295' title='bbox 612 2544 669 2571; x_wconf 88' lang='lat' dir='ltr'>Vat.</span> <span class='ocrx_word' id='word_1_296' title='bbox 692 2544 762 2571; x_wconf 77' lang='lat'>1340</span> <span class='ocrx_word' id='word_1_297' title='bbox 778 2551 835 2571; x_wconf 79' lang='lat' dir='ltr'>non</span> <span class='ocrx_word' id='word_1_298' title='bbox 847 2544 1044 2580; x_wconf 71' lang='lat' dir='ltr'>pariter-per-</span> 
     </span>
     <span class='ocr_line' id='line_1_55' title="bbox 302 2588 1044 2626; baseline -0.001 -9"><span class='ocrx_word' id='word_1_299' title='bbox 302 2597 396 2620; x_wconf 75' lang='lat' dir='ltr'>versus</span> <span class='ocrx_word' id='word_1_300' title='bbox 410 2593 435 2619; x_wconf 82' lang='lat' dir='ltr'>et</span> <span class='ocrx_word' id='word_1_301' title='bbox 448 2590 615 2626; x_wconf 81' lang='lat' dir='ltr'>approbari.</span> <span class='ocrx_word' id='word_1_302' title='bbox 628 2588 692 2617; x_wconf 90' lang='lat' dir='ltr'>Cod.</span> <span class='ocrx_word' id='word_1_303' title='bbox 705 2589 766 2617; x_wconf 66' lang='lat' dir='ltr'>Vnt.</span> <span class='ocrx_word' id='word_1_304' title='bbox 780 2588 848 2617; x_wconf 68' lang='lat'>1344</span> <span class='ocrx_word' id='word_1_305' title='bbox 862 2596 919 2617; x_wconf 81' lang='lat' dir='ltr'>non</span> <span class='ocrx_word' id='word_1_306' title='bbox 928 2589 1044 2624; x_wconf 78' lang='lat' dir='ltr'>pariter</span> 
     </span>
     <span class='ocr_line' id='line_1_56' title="bbox 300 2634 700 2671; baseline -0.003 -8"><span class='ocrx_word' id='word_1_307' title='bbox 300 2635 473 2669; x_wconf 70' lang='lat' dir='ltr'>perversitas</span> <span class='ocrx_word' id='word_1_308' title='bbox 491 2637 516 2664; x_wconf 80' lang='lat' dir='ltr'>ec</span> <span class='ocrx_word' id='word_1_309' title='bbox 531 2634 700 2671; x_wconf 78' lang='lat' dir='ltr'>approbari.</span> 
     </span>
    </p>
   </div>
   <div class='ocr_carea' id='block_1_9' title="bbox 1719 202 1783 235">
    <p class='ocr_par' dir='ltr' id='par_1_14' title="bbox 1719 202 1783 235">
     <span class='ocr_line' id='line_1_57' title="bbox 1719 202 1783 235; baseline 0.016 -1"><span class='ocrx_word' id='word_1_310' title='bbox 1719 202 1783 235; x_wconf 78' lang='lat'>-283</span> 
     </span>
    </p>
   </div>
   <div class='ocr_carea' id='block_1_10' title="bbox 1433 369 1443 383">
    <p class='ocr_par' dir='ltr' id='par_1_15' title="bbox 1433 369 1443 383">
     <span class='ocr_line' id='line_1_58' title="bbox 1433 369 1443 383; baseline 0 0"><span class='ocrx_word' id='word_1_311' title='bbox 1433 369 1443 383; x_wconf 68' lang='lat' dir='ltr'>t:</span> 
     </span>
    </p>
   </div>
   <div class='ocr_carea' id='block_1_11' title="bbox 1074 369 1821 945">
    <p class='ocr_par' dir='ltr' id='par_1_16' title="bbox 1074 369 1821 945">
     <span class='ocr_line' id='line_1_59' title="bbox 1075 369 1814 413; baseline -0.004 -10"><span class='ocrx_word' id='word_1_312' title='bbox 1075 370 1207 403; x_wconf 73' lang='lat' dir='ltr'>versitas</span> <span class='ocrx_word' id='word_1_313' title='bbox 1235 369 1408 413; x_wconf 86' lang='lat' dir='ltr'>approbari</span> <span class='ocrx_word' id='word_1_314' title='bbox 1452 381 1458 409; x_wconf 86' lang='lat'>;</span> <span class='ocrx_word' id='word_1_315' title='bbox 1483 369 1528 401; x_wconf 87' lang='lat' dir='ltr'>sic</span> <span class='ocrx_word' id='word_1_316' title='bbox 1549 379 1614 401; x_wconf 90' lang='lat' dir='ltr'>non</span> <span class='ocrx_word' id='word_1_317' title='bbox 1635 373 1740 412; x_wconf 89' lang='lat' dir='ltr'>potest</span> <span class='ocrx_word' id='word_1_318' title='bbox 1761 377 1814 400; x_wconf 92' lang='lat' dir='ltr'>re-</span> 
     </span>
     <span class='ocr_line' id='line_1_60' title="bbox 1076 422 1818 467; baseline -0.003 -12"><span class='ocrx_word' id='word_1_319' title='bbox 1076 423 1170 456; x_wconf 79' lang='lat' dir='ltr'>futari</span> <span class='ocrx_word' id='word_1_320' title='bbox 1184 423 1387 467; x_wconf 70' lang='lat' dir='ltr'>perversitas,</span> <span class='ocrx_word' id='word_1_321' title='bbox 1403 422 1560 466; x_wconf 79' lang='lat' dir='ltr'>complice</span> <span class='ocrx_word' id='word_1_322' title='bbox 1576 426 1733 455; x_wconf 77' lang='lat' dir='ltr'>sectatore</span> <span class='ocrx_word' id='word_1_323' title='bbox 1746 431 1818 465; x_wconf 88' lang='lat' dir='ltr'>per—</span> 
     </span>
     <span class='ocr_line' id='line_1_61' title="bbox 1075 474 1819 518; baseline -0.003 -10"><span class='ocrx_word' id='word_1_324' title='bbox 1075 476 1234 509; x_wconf 83' lang='lat' dir='ltr'>versitatis</span> <span class='ocrx_word' id='word_1_325' title='bbox 1266 476 1417 509; x_wconf 87' lang='lat' dir='ltr'>admisso.</span> <span class='ocrx_word' id='word_1_326' title='bbox 1442 476 1580 518; x_wconf 70' lang='lat' dir='ltr'>Legibus</span> <span class='ocrx_word' id='word_1_327' title='bbox 1600 480 1686 508; x_wconf 88' lang='lat' dir='ltr'>certe</span> <span class='ocrx_word' id='word_1_328' title='bbox 1708 474 1819 507; x_wconf 75' lang='lat' dir='ltr'>vestris</span> 
     </span>
     <span class='ocr_line' id='line_1_62' title="bbox 1075 528 1820 572; baseline -0.004 -10"><span class='ocrx_word' id='word_1_329' title='bbox 1075 529 1247 562; x_wconf 83' lang='lat' dir='ltr'>criminum</span> <span class='ocrx_word' id='word_1_330' title='bbox 1269 529 1401 570; x_wconf 84' lang='lat' dir='ltr'>conscii,</span> <span class='ocrx_word' id='word_1_331' title='bbox 1429 535 1699 572; x_wconf 84' lang='lat' dir='ltr'>susceptoresque</span> <span class='ocrx_word' id='word_1_332' title='bbox 1719 528 1820 560; x_wconf 88' lang='lat' dir='ltr'>latro-</span> 
     </span>
     <span class='ocr_line' id='line_1_63' title="bbox 1075 581 1820 626; baseline -0.003 -11"><span class='ocrx_word' id='word_1_333' title='bbox 1075 582 1274 623; x_wconf 84' lang='lat' dir='ltr'>cinantium,</span> <span class='ocrx_word' id='word_1_334' title='bbox 1303 582 1372 626; x_wconf 85' lang='lat' dir='ltr'>pari</span> <span class='ocrx_word' id='word_1_335' title='bbox 1399 581 1596 615; x_wconf 85' lang='lat' dir='ltr'>iudiciorum</span> <span class='ocrx_word' id='word_1_336' title='bbox 1618 591 1723 624; x_wconf 86' lang='lat' dir='ltr'>poena</span> <span class='ocrx_word' id='word_1_337' title='bbox 1744 590 1820 613; x_wconf 84' lang='lat' dir='ltr'>con-</span> 
     </span>
     <span class='ocr_line' id='line_1_64' title="bbox 1074 634 1821 680; baseline -0.005 -9"><span class='ocrx_word' id='word_1_338' title='bbox 1074 637 1276 680; x_wconf 78' lang='lat' dir='ltr'>stringuntur</span> <span class='ocrx_word' id='word_1_339' title='bbox 1313 647 1371 668; x_wconf 80' lang='lat' dir='ltr'>nec</span> <span class='ocrx_word' id='word_1_340' title='bbox 1400 646 1512 679; x_wconf 81' lang='lat' dir='ltr'>expers</span> <span class='ocrx_word' id='word_1_341' title='bbox 1548 634 1699 668; x_wconf 80' lang='lat' dir='ltr'>facinoris</span> <span class='ocrx_word' id='word_1_342' title='bbox 1727 634 1821 668; x_wconf 87' lang='lat' dir='ltr'>aesti-</span> 
     </span>
     <span class='ocr_line' id='line_1_65' title="bbox 1075 687 1820 734; baseline -0.004 -11"><span class='ocrx_word' id='word_1_343' title='bbox 1075 696 1193 731; x_wconf 85' lang='lat' dir='ltr'>matur,</span> <span class='ocrx_word' id='word_1_344' title='bbox 1211 690 1265 734; x_wconf 86' lang='lat' dir='ltr'>qui</span> <span class='ocrx_word' id='word_1_345' title='bbox 1279 690 1354 723; x_wconf 83' lang='lat' dir='ltr'>licet</span> <span class='ocrx_word' id='word_1_346' title='bbox 1371 689 1436 733; x_wconf 90' lang='lat' dir='ltr'>ipse</span> <span class='ocrx_word' id='word_1_347' title='bbox 1458 699 1523 722; x_wconf 89' lang='lat' dir='ltr'>non</span> <span class='ocrx_word' id='word_1_348' title='bbox 1535 688 1657 728; x_wconf 77' lang='lat' dir='ltr'>fecerit,</span> <span class='ocrx_word' id='word_1_349' title='bbox 1674 687 1820 720; x_wconf 79' lang='lat' dir='ltr'>facientis</span> 
     </span>
     <span class='ocr_line' id='line_1_66' title="bbox 1075 742 1820 785; baseline -0.005 -8"><span class='ocrx_word' id='word_1_350' title='bbox 1075 750 1181 777; x_wconf 86' lang='lat' dir='ltr'>tamen</span> <span class='ocrx_word' id='word_1_351' title='bbox 1215 743 1464 776; x_wconf 65' lang='lat' dir='ltr'>familiaritatem</span> <span class='ocrx_word' id='word_1_352' title='bbox 1491 742 1669 785; x_wconf 75' lang='lat' dir='ltr'>foedusque</span> <span class='ocrx_word' id='word_1_353' title='bbox 1690 752 1820 784; x_wconf 83' lang='lat' dir='ltr'>recepe-</span> 
     </span>
     <span class='ocr_line' id='line_1_67' title="bbox 1075 794 1820 831; baseline -0.007 0"><span class='ocrx_word' id='word_1_354' title='bbox 1075 798 1126 831; x_wconf 90' lang='lat' dir='ltr'>rit.</span> <span class='ocrx_word' id='word_1_355' title='bbox 1158 797 1298 830; x_wconf 85' lang='lat' dir='ltr'>Proinde</span> <span class='ocrx_word' id='word_1_356' title='bbox 1324 807 1398 830; x_wconf 83' lang='lat' dir='ltr'>cum</span> <span class='ocrx_word' id='word_1_357' title='bbox 1424 796 1683 830; x_wconf 83' lang='lat' dir='ltr'>Chalcedonense</span> <span class='ocrx_word' id='word_1_358' title='bbox 1709 794 1820 828; x_wconf 77' lang='lat' dir='ltr'>Conci-</span> 
     </span>
     <span class='ocr_line' id='line_1_68' title="bbox 1074 848 1815 895; baseline -0.005 -11"><span class='ocrx_word' id='word_1_359' title='bbox 1074 852 1152 885; x_wconf 86' lang='lat' dir='ltr'>lium</span> <span class='ocrx_word' id='word_1_360' title='bbox 1178 862 1237 895; x_wconf 87' lang='lat' dir='ltr'>pro</span> <span class='ocrx_word' id='word_1_361' title='bbox 1259 851 1333 885; x_wconf 84' lang='lat' dir='ltr'>tidei</span> <span class='ocrx_word' id='word_1_362' title='bbox 1349 850 1526 884; x_wconf 85' lang='lat' dir='ltr'>catholicae</span> <span class='ocrx_word' id='word_1_363' title='bbox 1547 856 1642 893; x_wconf 79' lang='lat' dir='ltr'>atque</span> <span class='ocrx_word' id='word_1_364' title='bbox 1657 848 1815 892; x_wconf 84' lang='lat' dir='ltr'>apostoli-</span> 
     </span>
     <span class='ocr_line' id='line_1_69' title="bbox 1074 902 1818 945; baseline -0.008 -6"><span class='ocrx_word' id='word_1_365' title='bbox 1074 916 1129 939; x_wconf 87' lang='lat' dir='ltr'>cae</span> <span class='ocrx_word' id='word_1_366' title='bbox 1150 905 1282 938; x_wconf 71' lang='lat' dir='ltr'>veritate</span> <span class='ocrx_word' id='word_1_367' title='bbox 1304 903 1599 945; x_wconf 82' lang='lat' dir='ltr'>communioneque</span> <span class='ocrx_word' id='word_1_368' title='bbox 1620 902 1818 935; x_wconf 79' lang='lat' dir='ltr'>celebratum</span> 
     </span>
    </p>
   </div>
   <div class='ocr_carea' id='block_1_12' title="bbox 1848 210 2015 238">
    <p class='ocr_par' dir='ltr' id='par_1_17' title="bbox 1848 210 2015 238">
     <span class='ocr_line' id='line_1_70' title="bbox 1848 210 2015 238; baseline 0 -1"><span class='ocrx_word' id='word_1_369' title='bbox 1848 211 1896 237; x_wconf 78' lang='lat' dir='ltr'>An.</span> <span class='ocrx_word' id='word_1_370' title='bbox 1918 211 1947 237; x_wconf 84' lang='lat' dir='ltr'>C.</span> <span class='ocrx_word' id='word_1_371' title='bbox 1966 210 2015 238; x_wconf 79' lang='lat'>493</span> 
     </span>
    </p>
   </div>
   <div class='ocr_carea' id='block_1_13' title="bbox 1848 911 2020 937">
    <p class='ocr_par' dir='ltr' id='par_1_18' title="bbox 1848 911 2020 937">
     <span class='ocr_line' id='line_1_71' title="bbox 1848 911 2020 937; baseline 0 -6"><span class='ocrx_word' id='word_1_372' title='bbox 1848 911 2020 937; x_wconf 51' lang='lat' dir='ltr'>Eutychessiuz-</span> 
     </span>
    </p>
   </div>
   <div class='ocr_carea' id='block_1_14' title="bbox 1796 938 2018 963">
    <p class='ocr_par' dir='ltr' id='par_1_19' title="bbox 1796 938 2018 963">
     <span class='ocr_line' id='line_1_72' title="bbox 1796 938 2018 963; baseline -0.009 -4"><span class='ocrx_word' id='word_1_373' title='bbox 1796 954 1801 959; x_wconf 91' lang='lat'>.</span> <span class='ocrx_word' id='word_1_374' title='bbox 1835 944 1875 963; x_wconf 71' lang='lat' dir='ltr'>que</span> <span class='ocrx_word' id='word_1_375' title='bbox 1891 938 1987 958; x_wconf 78' lang='lat' dir='ltr'>asseclae</span> <span class='ocrx_word' id='word_1_376' title='bbox 2000 944 2018 957; x_wconf 84' lang='lat' dir='ltr'>in</span> 
     </span>
    </p>
   </div>
   <div class='ocr_carea' id='block_1_15' title="bbox 1074 955 1820 1379">
    <p class='ocr_par' dir='ltr' id='par_1_20' title="bbox 1074 955 1820 1379">
     <span class='ocr_line' id='line_1_73' title="bbox 1074 955 1820 1001; baseline -0.007 -10"><span class='ocrx_word' id='word_1_377' title='bbox 1074 958 1275 992; x_wconf 85' lang='lat' dir='ltr'>damnaverit</span> <span class='ocrx_word' id='word_1_378' title='bbox 1306 957 1469 1001; x_wconf 65' lang='lat' dir='ltr'>Eutychen</span> <span class='ocrx_word' id='word_1_379' title='bbox 1498 955 1679 989; x_wconf 84' lang='lat' dir='ltr'>detestandi</span> <span class='ocrx_word' id='word_1_380' title='bbox 1701 955 1820 987; x_wconf 83' lang='lat' dir='ltr'>surorls</span> 
     </span>
     <span class='ocr_line' id='line_1_74' title="bbox 1074 1009 1817 1052; baseline -0.007 -6"><span class='ocrx_word' id='word_1_381' title='bbox 1074 1018 1259 1052; x_wconf 81' lang='lat' dir='ltr'>auctorem;</span> <span class='ocrx_word' id='word_1_382' title='bbox 1288 1021 1352 1044; x_wconf 88' lang='lat' dir='ltr'>non</span> <span class='ocrx_word' id='word_1_383' title='bbox 1373 1010 1448 1043; x_wconf 78' lang='lat' dir='ltr'>satis</span> <span class='ocrx_word' id='word_1_384' title='bbox 1469 1009 1593 1050; x_wconf 84' lang='lat' dir='ltr'>habuit,</span> <span class='ocrx_word' id='word_1_385' title='bbox 1617 1009 1678 1042; x_wconf 89' lang='lat' dir='ltr'>nisi</span> <span class='ocrx_word' id='word_1_386' title='bbox 1699 1014 1734 1041; x_wconf 84' lang='lat' dir='ltr'>ut</span> <span class='ocrx_word' id='word_1_387' title='bbox 1757 1019 1817 1052; x_wconf 88' lang='lat' dir='ltr'>pa-</span> 
     </span>
     <span class='ocr_line' id='line_1_75' title="bbox 1075 1061 1820 1108; baseline -0.007 -10"><span class='ocrx_word' id='word_1_388' title='bbox 1075 1066 1153 1100; x_wconf 86' lang='lat' dir='ltr'>riter</span> <span class='ocrx_word' id='word_1_389' title='bbox 1177 1065 1244 1098; x_wconf 87' lang='lat' dir='ltr'>eius</span> <span class='ocrx_word' id='word_1_390' title='bbox 1269 1075 1399 1108; x_wconf 86' lang='lat' dir='ltr'>quoque</span> <span class='ocrx_word' id='word_1_391' title='bbox 1426 1068 1609 1097; x_wconf 80' lang='lat' dir='ltr'>consortem</span> <span class='ocrx_word' id='word_1_392' title='bbox 1631 1061 1820 1095; x_wconf 87' lang='lat' dir='ltr'>Dioscorum</span> 
     </span>
     <span class='ocr_line' id='line_1_76' title="bbox 1075 1116 1818 1163; baseline -0.008 -9"><span class='ocrx_word' id='word_1_393' title='bbox 1075 1126 1282 1163; x_wconf 85' lang='lat' dir='ltr'>caeterosque</span> <span class='ocrx_word' id='word_1_394' title='bbox 1296 1118 1494 1162; x_wconf 88' lang='lat' dir='ltr'>percelleret.</span> <span class='ocrx_word' id='word_1_395' title='bbox 1516 1118 1583 1150; x_wconf 90' lang='lat' dir='ltr'>lloc</span> <span class='ocrx_word' id='word_1_396' title='bbox 1598 1116 1695 1159; x_wconf 70' lang='lat' dir='ltr'>igitur</span> <span class='ocrx_word' id='word_1_397' title='bbox 1709 1116 1818 1156; x_wconf 84' lang='lat' dir='ltr'>modO,</span> 
     </span>
     <span class='ocr_line' id='line_1_77' title="bbox 1075 1170 1820 1216; baseline -0.007 -9"><span class='ocrx_word' id='word_1_398' title='bbox 1075 1174 1155 1207; x_wconf 88' lang='lat' dir='ltr'>sicut</span> <span class='ocrx_word' id='word_1_399' title='bbox 1183 1173 1214 1206; x_wconf 93' lang='lat' dir='ltr'>in</span> <span class='ocrx_word' id='word_1_400' title='bbox 1247 1182 1441 1216; x_wconf 85' lang='lat' dir='ltr'>unaquaque</span> <span class='ocrx_word' id='word_1_401' title='bbox 1471 1170 1596 1204; x_wconf 87' lang='lat' dir='ltr'>haeresi</span> <span class='ocrx_word' id='word_1_402' title='bbox 1627 1170 1673 1203; x_wconf 72' lang='lat' dir='ltr'>vel</span> <span class='ocrx_word' id='word_1_403' title='bbox 1700 1170 1820 1203; x_wconf 87' lang='lat' dir='ltr'>sactum</span> 
     </span>
     <span class='ocr_line' id='line_1_78' title="bbox 1075 1223 1816 1272; baseline -0.007 -12"><span class='ocrx_word' id='word_1_404' title='bbox 1075 1238 1214 1272; x_wconf 85' lang='lat' dir='ltr'>semper,</span> <span class='ocrx_word' id='word_1_405' title='bbox 1230 1227 1277 1259; x_wconf 74' lang='lat' dir='ltr'>vel</span> <span class='ocrx_word' id='word_1_406' title='bbox 1292 1226 1362 1259; x_wconf 87' lang='lat' dir='ltr'>fieri</span> <span class='ocrx_word' id='word_1_407' title='bbox 1377 1236 1443 1258; x_wconf 90' lang='lat' dir='ltr'>non</span> <span class='ocrx_word' id='word_1_408' title='bbox 1464 1225 1601 1258; x_wconf 83' lang='lat' dir='ltr'>liabetur</span> <span class='ocrx_word' id='word_1_409' title='bbox 1615 1223 1816 1266; x_wconf 77' lang='lat' dir='ltr'>ambiguum,</span> 
     </span>
     <span class='ocr_line' id='line_1_79' title="bbox 1075 1279 1818 1319; baseline -0.007 -4"><span class='ocrx_word' id='word_1_410' title='bbox 1075 1292 1277 1315; x_wconf 80' lang='lat' dir='ltr'>successores</span> <span class='ocrx_word' id='word_1_411' title='bbox 1306 1290 1418 1314; x_wconf 91' lang='lat' dir='ltr'>eorum</span> <span class='ocrx_word' id='word_1_412' title='bbox 1440 1279 1659 1319; x_wconf 90' lang='lat' dir='ltr'>Timotheum,</span> <span class='ocrx_word' id='word_1_413' title='bbox 1687 1279 1818 1311; x_wconf 85' lang='lat' dir='ltr'>Petrum</span> 
     </span>
     <span class='ocr_line' id='line_1_80' title="bbox 1075 1332 1818 1379; baseline -0.007 -11"><span class='ocrx_word' id='word_1_414' title='bbox 1075 1342 1171 1379; x_wconf 86' lang='lat' dir='ltr'>atque</span> <span class='ocrx_word' id='word_1_415' title='bbox 1204 1335 1342 1367; x_wconf 86' lang='lat' dir='ltr'>alterum</span> <span class='ocrx_word' id='word_1_416' title='bbox 1376 1333 1615 1367; x_wconf 75' lang='lat' dir='ltr'>Antiochenam</span> <span class='ocrx_word' id='word_1_417' title='bbox 1648 1332 1777 1365; x_wconf 85' lang='lat' dir='ltr'>Petrum</span> <span class='ocrx_word' id='word_1_418' title='bbox 1798 1332 1818 1371; x_wconf 90' lang='lat'>⁷,</span> 
     </span>
    </p>
   </div>
   <div class='ocr_carea' id='block_1_16' title="bbox 1835 964 2020 1012">
    <p class='ocr_par' dir='ltr' id='par_1_21' title="bbox 1835 964 2020 1012">
     <span class='ocr_line' id='line_1_81' title="bbox 1835 964 2020 990; baseline -0.005 -5"><span class='ocrx_word' id='word_1_419' title='bbox 1835 964 1905 985; x_wconf 62' lang='lat' dir='ltr'>catch.</span> <span class='ocrx_word' id='word_1_420' title='bbox 1935 964 2020 990; x_wconf 70' lang='lat' dir='ltr'>Synodo</span> 
     </span>
     <span class='ocr_line' id='line_1_82' title="bbox 1835 991 1938 1012; baseline 0 -1"><span class='ocrx_word' id='word_1_421' title='bbox 1835 991 1938 1012; x_wconf 70' lang='lat' dir='ltr'>dsunnati.</span> 
     </span>
    </p>
   </div>
   <div class='ocr_carea' id='block_1_17' title="bbox 1076 1383 1851 1432">
    <p class='ocr_par' dir='ltr' id='par_1_22' title="bbox 1076 1383 1851 1432">
     <span class='ocr_line' id='line_1_83' title="bbox 1076 1383 1851 1432; baseline -0.005 -11"><span class='ocrx_word' id='word_1_422' title='bbox 1076 1399 1140 1422; x_wconf 89' lang='lat' dir='ltr'>non</span> <span class='ocrx_word' id='word_1_423' title='bbox 1154 1388 1271 1421; x_wconf 78' lang='lat' dir='ltr'>viritim</span> <span class='ocrx_word' id='word_1_424' title='bbox 1282 1394 1416 1432; x_wconf 86' lang='lat' dir='ltr'>propter</span> <span class='ocrx_word' id='word_1_425' title='bbox 1433 1387 1577 1429; x_wconf 77' lang='lat' dir='ltr'>singulos</span> <span class='ocrx_word' id='word_1_426' title='bbox 1588 1396 1732 1430; x_wconf 86' lang='lat' dir='ltr'>quosque</span> <span class='ocrx_word' id='word_1_427' title='bbox 1748 1396 1820 1418; x_wconf 87' lang='lat' dir='ltr'>rur-</span> <span class='ocrx_word' id='word_1_428' title='bbox 1847 1383 1851 1386; x_wconf 67' lang='grc'>’</span> 
     </span>
    </p>
   </div>
   <div class='ocr_carea' id='block_1_18' title="bbox 1075 1439 1824 2185">
    <p class='ocr_par' dir='ltr' id='par_1_23' title="bbox 1075 1439 1824 2185">
     <span class='ocr_line' id='line_1_84' title="bbox 1075 1439 1821 1484; baseline -0.007 -9"><span class='ocrx_word' id='word_1_429' title='bbox 1075 1453 1128 1475; x_wconf 81' lang='lat' dir='ltr'>sus</span> <span class='ocrx_word' id='word_1_430' title='bbox 1154 1443 1237 1475; x_wconf 86' lang='lat' dir='ltr'>sacto</span> <span class='ocrx_word' id='word_1_431' title='bbox 1259 1441 1408 1482; x_wconf 83' lang='lat' dir='ltr'>concilio,</span> <span class='ocrx_word' id='word_1_432' title='bbox 1432 1440 1488 1474; x_wconf 89' lang='lat' dir='ltr'>sed</span> <span class='ocrx_word' id='word_1_433' title='bbox 1508 1439 1621 1484; x_wconf 63' lang='lat' dir='ltr'>synodi</span> <span class='ocrx_word' id='word_1_434' title='bbox 1642 1439 1821 1472; x_wconf 85' lang='lat' dir='ltr'>semelacta</span> 
     </span>
     <span class='ocr_line' id='line_1_85' title="bbox 1077 1493 1817 1540; baseline -0.005 -10"><span class='ocrx_word' id='word_1_435' title='bbox 1077 1497 1187 1540; x_wconf 70' lang='lat' dir='ltr'>regula</span> <span class='ocrx_word' id='word_1_436' title='bbox 1216 1501 1453 1539; x_wconf 83' lang='lat' dir='ltr'>consequenter</span> <span class='ocrx_word' id='word_1_437' title='bbox 1484 1493 1563 1527; x_wconf 86' lang='lat' dir='ltr'>elisi.</span> <span class='ocrx_word' id='word_1_438' title='bbox 1596 1493 1817 1532; x_wconf 84' lang='lat' dir='ltr'>Quemadmo-</span> 
     </span>
     <span class='ocr_line' id='line_1_86' title="bbox 1077 1546 1818 1592; baseline -0.008 -8"><span class='ocrx_word' id='word_1_439' title='bbox 1077 1552 1152 1585; x_wconf 87' lang='lat' dir='ltr'>dum</span> <span class='ocrx_word' id='word_1_440' title='bbox 1183 1560 1260 1592; x_wconf 70' lang='lat' dir='ltr'>ergo</span> <span class='ocrx_word' id='word_1_441' title='bbox 1286 1560 1350 1582; x_wconf 85' lang='lat' dir='ltr'>non</span> <span class='ocrx_word' id='word_1_442' title='bbox 1376 1548 1541 1581; x_wconf 75' lang='lat' dir='ltr'>evidenter</span> <span class='ocrx_word' id='word_1_443' title='bbox 1565 1552 1700 1591; x_wconf 86' lang='lat' dir='ltr'>apparet</span> <span class='ocrx_word' id='word_1_444' title='bbox 1724 1546 1818 1580; x_wconf 86' lang='lat' dir='ltr'>etiam</span> 
     </span>
     <span class='ocr_line' id='line_1_87' title="bbox 1076 1599 1817 1643; baseline -0.009 -5"><span class='ocrx_word' id='word_1_445' title='bbox 1076 1610 1208 1638; x_wconf 86' lang='lat' dir='ltr'>cunctos</span> <span class='ocrx_word' id='word_1_446' title='bbox 1232 1602 1327 1636; x_wconf 85' lang='lat' dir='ltr'>simili</span> <span class='ocrx_word' id='word_1_447' title='bbox 1351 1608 1462 1635; x_wconf 81' lang='lat' dir='ltr'>tenore</span> <span class='ocrx_word' id='word_1_448' title='bbox 1496 1600 1684 1642; x_wconf 81' lang='lat' dir='ltr'>constringi,</span> <span class='ocrx_word' id='word_1_449' title='bbox 1708 1605 1739 1632; x_wconf 89' lang='lat' dir='ltr'>et</span> <span class='ocrx_word' id='word_1_450' title='bbox 1765 1599 1817 1643; x_wconf 84' lang='lat' dir='ltr'>qui</span> 
     </span>
     <span class='ocr_line' id='line_1_88' title="bbox 1077 1654 1820 1698; baseline -0.007 -6"><span class='ocrx_word' id='word_1_451' title='bbox 1077 1669 1190 1693; x_wconf 90' lang='lat' dir='ltr'>eorum</span> <span class='ocrx_word' id='word_1_452' title='bbox 1213 1656 1507 1691; x_wconf 83' lang='lat' dir='ltr'>communicatores</span> <span class='ocrx_word' id='word_1_453' title='bbox 1528 1660 1557 1688; x_wconf 91' lang='lat' dir='ltr'>et</span> <span class='ocrx_word' id='word_1_454' title='bbox 1580 1654 1754 1698; x_wconf 85' lang='lat' dir='ltr'>complices</span> <span class='ocrx_word' id='word_1_455' title='bbox 1769 1664 1820 1687; x_wconf 86' lang='lat' dir='ltr'>ex-</span> 
     </span>
     <span class='ocr_line' id='line_1_89' title="bbox 1079 1707 1821 1755; baseline -0.009 -9"><span class='ocrx_word' id='word_1_456' title='bbox 1079 1713 1228 1752; x_wconf 85' lang='lat' dir='ltr'>titerunt,</span> <span class='ocrx_word' id='word_1_457' title='bbox 1262 1717 1357 1755; x_wconf 86' lang='lat' dir='ltr'>atque</span> <span class='ocrx_word' id='word_1_458' title='bbox 1386 1720 1499 1743; x_wconf 85' lang='lat' dir='ltr'>omnes</span> <span class='ocrx_word' id='word_1_459' title='bbox 1521 1708 1654 1742; x_wconf 90' lang='lat' dir='ltr'>omniuo</span> <span class='ocrx_word' id='word_1_460' title='bbox 1676 1718 1692 1740; x_wconf 88' lang='lat' dir='ltr'>a</span> <span class='ocrx_word' id='word_1_461' title='bbox 1714 1707 1821 1740; x_wconf 87' lang='lat' dir='ltr'>catho-</span> 
     </span>
     <span class='ocr_line' id='line_1_90' title="bbox 1077 1760 1821 1809; baseline -0.008 -11"><span class='ocrx_word' id='word_1_462' title='bbox 1077 1766 1135 1798; x_wconf 85' lang='lat' dir='ltr'>lica</span> <span class='ocrx_word' id='word_1_463' title='bbox 1148 1771 1243 1809; x_wconf 86' lang='lat' dir='ltr'>atque</span> <span class='ocrx_word' id='word_1_464' title='bbox 1258 1763 1436 1808; x_wconf 83' lang='lat' dir='ltr'>apostolica</span> <span class='ocrx_word' id='word_1_465' title='bbox 1455 1762 1571 1796; x_wconf 89' lang='lat' dir='ltr'>merito</span> <span class='ocrx_word' id='word_1_466' title='bbox 1592 1760 1821 1794; x_wconf 86' lang='lat' dir='ltr'>communione</span> 
     </span>
     <span class='ocr_line' id='line_1_91' title="bbox 1077 1814 1820 1860; baseline -0.009 -7"><span class='ocrx_word' id='word_1_467' title='bbox 1077 1819 1237 1856; x_wconf 71' lang='lat' dir='ltr'>discerni&#39;,</span> <span class='ocrx_word' id='word_1_468' title='bbox 1266 1819 1340 1852; x_wconf 86' lang='lat' dir='ltr'>hinc</span> <span class='ocrx_word' id='word_1_469' title='bbox 1361 1817 1513 1851; x_wconf 73' lang='lat' dir='ltr'>Acacium</span> <span class='ocrx_word' id='word_1_470' title='bbox 1533 1827 1663 1860; x_wconf 81' lang='lat' dir='ltr'>quoque</span> <span class='ocrx_word' id='word_1_471' title='bbox 1685 1815 1755 1848; x_wconf 89' lang='lat' dir='ltr'>iure</span> <span class='ocrx_word' id='word_1_472' title='bbox 1774 1814 1820 1847; x_wconf 89' lang='lat' dir='ltr'>di-</span> 
     </span>
     <span class='ocr_line' id='line_1_92' title="bbox 1077 1869 1818 1908; baseline -0.009 -2"><span class='ocrx_word' id='word_1_473' title='bbox 1077 1874 1178 1907; x_wconf 86' lang='lat' dir='ltr'>cimus</span> <span class='ocrx_word' id='word_1_474' title='bbox 1199 1883 1216 1906; x_wconf 87' lang='lat' dir='ltr'>a</span> <span class='ocrx_word' id='word_1_475' title='bbox 1237 1877 1346 1905; x_wconf 89' lang='lat' dir='ltr'>nostro</span> <span class='ocrx_word' id='word_1_476' title='bbox 1367 1870 1530 1904; x_wconf 81' lang='lat' dir='ltr'>consortio</span> <span class='ocrx_word' id='word_1_477' title='bbox 1550 1869 1818 1908; x_wconf 72' lang='lat' dir='ltr'>submovendum,</span> 
     </span>
     <span class='ocr_line' id='line_1_93' title="bbox 1077 1922 1819 1971; baseline -0.008 -11"><span class='ocrx_word' id='word_1_478' title='bbox 1077 1927 1130 1971; x_wconf 88' lang='lat' dir='ltr'>qui</span> <span class='ocrx_word' id='word_1_479' title='bbox 1157 1926 1268 1960; x_wconf 87' lang='lat' dir='ltr'>maluit</span> <span class='ocrx_word' id='word_1_480' title='bbox 1296 1926 1327 1958; x_wconf 92' lang='lat' dir='ltr'>in</span> <span class='ocrx_word' id='word_1_481' title='bbox 1349 1931 1467 1958; x_wconf 89' lang='lat' dir='ltr'>sortem</span> <span class='ocrx_word' id='word_1_482' title='bbox 1496 1923 1630 1957; x_wconf 83' lang='lat' dir='ltr'>transire</span> <span class='ocrx_word' id='word_1_483' title='bbox 1651 1922 1819 1967; x_wconf 83' lang='lat' dir='ltr'>perfidiae,</span> 
     </span>
     <span class='ocr_line' id='line_1_94' title="bbox 1077 1976 1822 2025; baseline -0.005 -13"><span class='ocrx_word' id='word_1_484' title='bbox 1077 1991 1173 2025; x_wconf 84' lang='lat' dir='ltr'>quam</span> <span class='ocrx_word' id='word_1_485' title='bbox 1185 1981 1216 2013; x_wconf 88' lang='lat' dir='ltr'>in</span> <span class='ocrx_word' id='word_1_486' title='bbox 1228 1979 1405 2014; x_wconf 85' lang='lat' dir='ltr'>catholicae</span> <span class='ocrx_word' id='word_1_487' title='bbox 1418 1984 1513 2022; x_wconf 86' lang='lat' dir='ltr'>atque</span> <span class='ocrx_word' id='word_1_488' title='bbox 1526 1976 1723 2021; x_wconf 85' lang='lat' dir='ltr'>apostolicae</span> <span class='ocrx_word' id='word_1_489' title='bbox 1733 1986 1822 2009; x_wconf 84' lang='lat' dir='ltr'>com-</span> 
     </span>
     <span class='ocr_line' id='line_1_95' title="bbox 1078 2030 1822 2071; baseline -0.008 -3"><span class='ocrx_word' id='word_1_490' title='bbox 1078 2034 1241 2068; x_wconf 89' lang='lat' dir='ltr'>munionis</span> <span class='ocrx_word' id='word_1_491' title='bbox 1258 2034 1443 2067; x_wconf 87' lang='lat' dir='ltr'>sinceritate</span> <span class='ocrx_word' id='word_1_492' title='bbox 1464 2037 1611 2065; x_wconf 80' lang='lat' dir='ltr'>constare</span> <span class='ocrx_word' id='word_1_493' title='bbox 1625 2031 1646 2071; x_wconf 76' lang='lat'>⁸,</span> <span class='ocrx_word' id='word_1_494' title='bbox 1662 2041 1735 2063; x_wconf 90' lang='lat' dir='ltr'>cum</span> <span class='ocrx_word' id='word_1_495' title='bbox 1758 2030 1822 2063; x_wconf 83' lang='lat' dir='ltr'>sere</span> 
     </span>
     <span class='ocr_line' id='line_1_96' title="bbox 1077 2085 1824 2132; baseline -0.008 -10"><span class='ocrx_word' id='word_1_496' title='bbox 1077 2100 1135 2132; x_wconf 83' lang='lat' dir='ltr'>per</span> <span class='ocrx_word' id='word_1_497' title='bbox 1157 2087 1342 2127; x_wconf 88' lang='lat' dir='ltr'>triennium,</span> <span class='ocrx_word' id='word_1_498' title='bbox 1361 2097 1399 2119; x_wconf 89' lang='lat' dir='ltr'>ne</span> <span class='ocrx_word' id='word_1_499' title='bbox 1423 2086 1454 2119; x_wconf 93' lang='lat' dir='ltr'>in</span> <span class='ocrx_word' id='word_1_500' title='bbox 1476 2085 1507 2119; x_wconf 89' lang='lat' dir='ltr'>id</span> <span class='ocrx_word' id='word_1_501' title='bbox 1528 2085 1660 2123; x_wconf 75' lang='lat' dir='ltr'>veniret,</span> <span class='ocrx_word' id='word_1_502' title='bbox 1690 2085 1824 2128; x_wconf 77' lang='lat' dir='ltr'>Aposto-</span> 
     </span>
     <span class='ocr_line' id='line_1_97' title="bbox 1078 2140 1823 2185; baseline -0.008 -9"><span class='ocrx_word' id='word_1_503' title='bbox 1078 2143 1157 2176; x_wconf 85' lang='lat' dir='ltr'>licae</span> <span class='ocrx_word' id='word_1_504' title='bbox 1178 2142 1268 2176; x_wconf 84' lang='lat' dir='ltr'>Sedis</span> <span class='ocrx_word' id='word_1_505' title='bbox 1289 2141 1432 2185; x_wconf 85' lang='lat' dir='ltr'>epistolis</span> <span class='ocrx_word' id='word_1_506' title='bbox 1459 2140 1614 2174; x_wconf 88' lang='lat' dir='ltr'>doceatur</span> <span class='ocrx_word' id='word_1_507' title='bbox 1635 2144 1823 2182; x_wconf 85' lang='lat' dir='ltr'>competen-</span> 
     </span>
    </p>
   </div>
   <div class='ocr_carea' id='block_1_19' title="bbox 1077 2270 1824 2615">
    <p class='ocr_par' dir='ltr' id='par_1_24' title="bbox 1077 2270 1824 2486">
     <span class='ocr_line' id='line_1_98' title="bbox 1114 2270 1824 2305; baseline -0.007 -4"><span class='ocrx_word' id='word_1_508' title='bbox 1114 2275 1127 2301; x_wconf 84' lang='lat'>7</span> <span class='ocrx_word' id='word_1_509' title='bbox 1141 2273 1205 2301; x_wconf 88' lang='lat' dir='ltr'>Cod.</span> <span class='ocrx_word' id='word_1_510' title='bbox 1217 2273 1314 2300; x_wconf 89' lang='lat' dir='ltr'>Veron.</span> <span class='ocrx_word' id='word_1_511' title='bbox 1328 2272 1500 2305; x_wconf 73' lang='lat' dir='ltr'>Timotheus,</span> <span class='ocrx_word' id='word_1_512' title='bbox 1512 2271 1625 2303; x_wconf 78' lang='lat' dir='ltr'>Petrus,</span> <span class='ocrx_word' id='word_1_513' title='bbox 1641 2272 1728 2305; x_wconf 80' lang='lat' dir='ltr'>atque</span> <span class='ocrx_word' id='word_1_514' title='bbox 1749 2270 1824 2296; x_wconf 77' lang='lat' dir='ltr'>alter</span> 
     </span>
     <span class='ocr_line' id='line_1_99' title="bbox 1078 2314 1824 2352; baseline -0.007 -6"><span class='ocrx_word' id='word_1_515' title='bbox 1078 2319 1272 2347; x_wconf 79' lang='lat' dir='ltr'>Autiochenus</span> <span class='ocrx_word' id='word_1_516' title='bbox 1276 2338 1330 2345; x_wconf 89' lang='grc'><em>.....</em></span> <span class='ocrx_word' id='word_1_517' title='bbox 1346 2319 1552 2352; x_wconf 71' lang='lat' dir='ltr'>consequenter</span> <span class='ocrx_word' id='word_1_518' title='bbox 1572 2316 1641 2343; x_wconf 79' lang='lat' dir='ltr'>elisi.</span> <span class='ocrx_word' id='word_1_519' title='bbox 1666 2314 1708 2341; x_wconf 76' lang='grc' dir='ltr'>ΑΙ.</span> <span class='ocrx_word' id='word_1_520' title='bbox 1729 2314 1824 2342; x_wconf 79' lang='lat' dir='ltr'>Timo-</span> 
     </span>
     <span class='ocr_line' id='line_1_100' title="bbox 1078 2360 1822 2396; baseline -0.008 -5"><span class='ocrx_word' id='word_1_521' title='bbox 1078 2366 1186 2396; x_wconf 67' lang='lat' dir='ltr'>clivum,</span> <span class='ocrx_word' id='word_1_522' title='bbox 1203 2364 1421 2396; x_wconf 74' lang='lat' dir='ltr'>Pet›·um,atq1‹e</span> <span class='ocrx_word' id='word_1_523' title='bbox 1436 2361 1562 2388; x_wconf 71' lang='lat' dir='ltr'>atterum</span> <span class='ocrx_word' id='word_1_524' title='bbox 1578 2360 1822 2388; x_wconf 69' lang='lat' dir='ltr'>Antiochenam...</span> 
     </span>
     <span class='ocr_line' id='line_1_101' title="bbox 1077 2404 1822 2444; baseline -0.011 -7"><span class='ocrx_word' id='word_1_525' title='bbox 1077 2409 1180 2444; x_wconf 71' lang='lat' dir='ltr'>synodi</span> <span class='ocrx_word' id='word_1_526' title='bbox 1194 2408 1281 2434; x_wconf 80' lang='lat' dir='ltr'>semel</span> <span class='ocrx_word' id='word_1_527' title='bbox 1297 2410 1362 2434; x_wconf 81' lang='lat' dir='ltr'>acta</span> <span class='ocrx_word' id='word_1_528' title='bbox 1387 2406 1488 2440; x_wconf 60' lang='lat' dir='ltr'>regula</span> <span class='ocrx_word' id='word_1_529' title='bbox 1512 2407 1716 2440; x_wconf 74' lang='lat' dir='ltr'>consequenter</span> <span class='ocrx_word' id='word_1_530' title='bbox 1736 2404 1822 2430; x_wconf 80' lang='lat' dir='ltr'>elisit.</span> 
     </span>
     <span class='ocr_line' id='line_1_102' title="bbox 1078 2449 1646 2486; baseline -0.011 -5"><span class='ocrx_word' id='word_1_531' title='bbox 1078 2453 1168 2481; x_wconf 85' lang='lat' dir='ltr'>Lectio</span> <span class='ocrx_word' id='word_1_532' title='bbox 1190 2451 1284 2479; x_wconf 76' lang='lat' dir='ltr'>Veron.</span> <span class='ocrx_word' id='word_1_533' title='bbox 1302 2450 1361 2478; x_wconf 82' lang='lat' dir='ltr'>cod.</span> <span class='ocrx_word' id='word_1_534' title='bbox 1378 2458 1442 2478; x_wconf 85' lang='lat' dir='ltr'>sane</span> <span class='ocrx_word' id='word_1_535' title='bbox 1459 2449 1646 2486; x_wconf 82' lang='lat' dir='ltr'>praeferenda.</span> 
     </span>
    </p>

    <p class='ocr_par' dir='ltr' id='par_1_25' title="bbox 1078 2493 1824 2615">
     <span class='ocr_line' id='line_1_103' title="bbox 1114 2493 1823 2526; baseline -0.01 0"><span class='ocrx_word' id='word_1_536' title='bbox 1114 2498 1129 2526; x_wconf 91' lang='grc'><strong>8</strong></span> <span class='ocrx_word' id='word_1_537' title='bbox 1152 2509 1162 2522; x_wconf 68' lang='grc' dir='ltr'><em>υ</em></span> <span class='ocrx_word' id='word_1_538' title='bbox 1182 2497 1265 2524; x_wconf 84' lang='lat' dir='ltr'>lluius</span> <span class='ocrx_word' id='word_1_539' title='bbox 1279 2496 1385 2523; x_wconf 83' lang='lat' dir='ltr'>triennii</span> <span class='ocrx_word' id='word_1_540' title='bbox 1407 2495 1514 2523; x_wconf 84' lang='lat' dir='ltr'>initium</span> <span class='ocrx_word' id='word_1_541' title='bbox 1540 2494 1711 2522; x_wconf 80' lang='lat' dir='ltr'>referendum</span> <span class='ocrx_word' id='word_1_542' title='bbox 1732 2497 1772 2520; x_wconf 80' lang='lat' dir='ltr'>est</span> <span class='ocrx_word' id='word_1_543' title='bbox 1790 2493 1823 2520; x_wconf 84' lang='lat' dir='ltr'>ad</span> 
     </span>
     <span class='ocr_line' id='line_1_104' title="bbox 1078 2538 1824 2576; baseline -0.007 -7"><span class='ocrx_word' id='word_1_544' title='bbox 1078 2551 1140 2570; x_wconf 83' lang='lat' dir='ltr'>aim.</span> <span class='ocrx_word' id='word_1_545' title='bbox 1166 2542 1198 2568; x_wconf 86' lang='lat'>15</span> <span class='ocrx_word' id='word_1_546' title='bbox 1224 2540 1366 2576; x_wconf 84' lang='lat' dir='ltr'>Simplicii,</span> <span class='ocrx_word' id='word_1_547' title='bbox 1387 2548 1439 2576; x_wconf 88' lang='lat' dir='ltr'>quo</span> <span class='ocrx_word' id='word_1_548' title='bbox 1460 2539 1573 2567; x_wconf 80' lang='lat' dir='ltr'>Aeacius</span> <span class='ocrx_word' id='word_1_549' title='bbox 1602 2538 1729 2566; x_wconf 88' lang='lat' dir='ltr'>delictum</span> <span class='ocrx_word' id='word_1_550' title='bbox 1750 2545 1824 2566; x_wconf 86' lang='lat' dir='ltr'>coin-</span> 
     </span>
     <span class='ocr_line' id='line_1_105' title="bbox 1079 2583 1388 2615; baseline -0.013 1"><span class='ocrx_word' id='word_1_551' title='bbox 1079 2585 1153 2615; x_wconf 83' lang='lat' dir='ltr'>misit</span> <span class='ocrx_word' id='word_1_552' title='bbox 1167 2596 1193 2613; x_wconf 74' lang='grc' dir='ltr'>ιο.</span> <span class='ocrx_word' id='word_1_553' title='bbox 1209 2585 1270 2614; x_wconf 88' lang='lat' dir='ltr'>Sev.</span> <span class='ocrx_word' id='word_1_554' title='bbox 1288 2583 1388 2612; x_wconf 83' lang='lat' dir='ltr'>Binius.</span> 
     </span>
    </p>
   </div>
   <div class='ocr_carea' id='block_1_20' title="bbox 1837 1872 2022 1976">
    <p class='ocr_par' dir='ltr' id='par_1_26' title="bbox 1837 1872 2022 1976">
     <span class='ocr_line' id='line_1_106' title="bbox 1887 1872 2022 1893; baseline -0.015 0"><span class='ocrx_word' id='word_1_555' title='bbox 1887 1872 1978 1893; x_wconf 75' lang='lat' dir='ltr'>Proinde</span> <span class='ocrx_word' id='word_1_556' title='bbox 2003 1874 2022 1892; x_wconf 82' lang='lat' dir='ltr'>et</span> 
     </span>
     <span class='ocr_line' id='line_1_107' title="bbox 1837 1899 2021 1920; baseline -0.011 0"><span class='ocrx_word' id='word_1_557' title='bbox 1837 1901 1928 1920; x_wconf 75' lang='lat' dir='ltr'>Aeacius</span> <span class='ocrx_word' id='word_1_558' title='bbox 1944 1906 1954 1920; x_wconf 82' lang='lat' dir='ltr'>e</span> <span class='ocrx_word' id='word_1_559' title='bbox 1966 1899 2021 1919; x_wconf 72' lang='lat' dir='ltr'>cath.</span> 
     </span>
     <span class='ocr_line' id='line_1_108' title="bbox 1837 1927 2022 1947; baseline -0.016 0"><span class='ocrx_word' id='word_1_560' title='bbox 1837 1929 1940 1947; x_wconf 75' lang='lat' dir='ltr'>societate</span> <span class='ocrx_word' id='word_1_561' title='bbox 1975 1927 2022 1945; x_wconf 70' lang='lat' dir='ltr'>sut·-</span> 
     </span>
     <span class='ocr_line' id='line_1_109' title="bbox 1839 1953 1961 1976; baseline -0.008 -2"><span class='ocrx_word' id='word_1_562' title='bbox 1839 1953 1961 1976; x_wconf 77' lang='lat' dir='ltr'>movendus.</span> 
     </span>
    </p>
   </div>
  </div>
 </body>
</html>
