2244 3183
197 209 247 239 An.
264 211 295 238 C.
312 210 365 239 535

215 591 237 613 td
255 592 309 613 cuim
320 592 372 612 (lun-

190 619 303 639 tumetiosu
334 625 373 644 po-

189 646 239 665 tenti
249 652 289 665 non
298 648 330 666 est
337 646 372 667 ‹le-

188 673 315 697 negandum.

212 1337 297 1359 interim
314 1344 363 1360 vero

181 1364 237 1385 illum
253 1365 280 1386 ab
296 1366 364 1386 admi-

179 1393 303 1413 nistratione
326 1399 363 1418 pa-

179 1418 271 1438 trimonii
295 1420 363 1440 eccle-

178 1445 363 1466 Siasticietamis-

179 1476 250 1491 sarum
265 1473 362 1493 celebra-

179 1498 360 1524 tionesuspendit.

198 1818 241 1840 Sed
251 1819 358 1846 improbat

175 1846 232 1875 quod
241 1862 251 1876 ¹.
262 1848 358 1873 appella-

174 1874 232 1893 tioue
246 1874 358 1901 interposi·

429 201 493 235 508
902 215 1065 240 APPENDlx
1085 215 1237 240 BULLARH
1258 216 1381 241 nomm
1942 220 1992 247 An.
2009 218 2038 246 C.
2059 218 2112 247 535

399 261 547 296 voluntas
568 262 666 296 animi
695 272 712 296 a
739 262 890 307 precibus
916 263 1133 306 intirmorum,

393 325 467 348 cum
495 315 527 348 in
560 316 750 350 necessitate
781 316 919 358 suerint,
953 328 993 351 ne
1027 317 1131 359 nobis,

393 368 479 412 quod
502 374 624 402 avertat
650 369 817 411 Dominus,
841 380 889 412 ea,
910 381 993 414 quae
1014 372 1130 414 legun-

393 427 445 454 tur
471 422 503 454 in
532 422 725 466 proverbiis,
747 422 809 456 dici
830 424 973 467 possint:
993 424 1059 464 Qui
1076 425 1130 457 ob-

392 479 480 508 turat
505 486 619 508 aurem
639 486 744 516 suam,
765 481 877 510 utnon
893 478 1011 511 (riallac
1032 479 1129 521 z'nfira

389 538 491 569 mum,
515 533 544 561 et
561 530 629 573 ipse
650 530 811 563 invocabi!
829 531 1008 564 Dominum
1025 536 1132 565 elnon

388 582 462 623 erit,
486 583 546 626 qui
568 584 719 617 esca'uclict
745 595 816 617 eum
832 583 851 618 ¹.
876 585 959 624 Quid
977 591 1025 619 est
1045 586 1129 619 enim

388 634 548 669 infirmius
573 636 726 681 episcopo
747 638 998 681 Contumelioso,
1023 640 1077 684 qui
1099 640 1129 673 in

388 688 595 723 tribulatione
612 691 748 734 positus,
773 697 804 725 et
827 693 866 726 (le
886 693 1053 737 praeteriti
1074 694 1126 727 iu-

386 742 460 775 dicii
474 743 601 786 pudore
618 744 842 788 confunditur,
867 751 898 780 et
917 747 1125 790 cognitionis,

385 806 468 839 quae
493 796 601 830 futura
622 803 679 839 est,
703 799 927 843 expectatione
954 801 1103 834 turbatur
1113 803 1128 835 ²?

383 848 464 888 Quia
484 851 664 894 quamlibet
689 852 729 893 ei,
755 853 844 897 quod
870 855 1047 898 optandum
1067 861 1124 897 est,

382 903 506 946 puritas
520 904 603 938 sorte
617 905 812 949 suffragetur
825 907 1044 950 innocentiae,
1060 919 1126 943 non

381 961 487 999 potest
506 956 617 991 iudicii
637 959 890 994 sollicitudinem
908 972 975 995 non
995 963 1127 997 habere.

382 1009 419 1042 Et
438 1020 497 1044 nos
517 1011 665 1055 quidem,
694 1014 839 1057 quamvis
859 1016 1007 1060 culpatus
1031 1027 1049 1050 a
1068 1027 1127 1051 no-

381 1063 431 1097 bis
443 1063 454 1080 ‘²
470 1064 630 1099 Emeritus
648 1066 797 1101 defensor
817 1075 1033 1103 memoratum
1056 1071 1125 1114 epi-

381 1128 500 1162 copum
517 1129 682 1153 reversum
697 1121 737 1154 ad
750 1121 927 1155 Ecclesiam
944 1133 1035 1156 suam
1050 1124 1125 1157 cha-

381 1170 484 1205 ritatis
510 1177 584 1206 tuae
605 1173 790 1207 voluntate3
809 1174 998 1217 firmaverit,
1021 1187 1124 1220 usque

381 1224 421 1258 ad
450 1224 570 1258 exitum
597 1225 709 1260 iudicii
734 1228 822 1271 quod
847 1228 1120 1271 delegaverimus,

381 1277 569 1322 episcopum
584 1279 859 1314 Contumeliosum
873 1282 894 1323 ⁴,
918 1282 1045 1316 reddita
1062 1283 1123 1316 sibi

380 1332 478 1365 modo
497 1333 632 1377 propria
651 1334 843 1377 substantia,
863 1346 1057 1380 suspensum
1075 1337 1123 1370 in-

380 1385 473 1418 terim
493 1387 642 1421 volumus
660 1388 699 1421 ab
720 1389 1004 1424 administratione
1024 1391 1124 1435 patri—

379 1440 479 1473 monii
499 1441 719 1484 ecclesiastici,
748 1449 778 1476 et
806 1444 1024 1479 celebratione
1044 1445 1121 1479 mis-

377 1503 504 1535 sarum3
528 1495 604 1539 quia
618 1495 651 1529 id
669 1497 757 1540 quod
777 1497 838 1530 sibi
855 1498 982 1532 viderat
999 1499 1121 1533 iudicio

377 1545 475 1580 fuisse
495 1547 672 1590 sublatum,
693 1549 867 1592 gloriosius
881 1578 888 1592 ,
913 1552 938 1585 si
956 1551 985 1585 ei
1005 1553 1121 1586 veritas

375 1599 582 1644 suffragatur,
596 1601 718 1636 iudicio
728 1604 899 1649 receperit,
916 1616 1013 1649 quam
1027 1617 1120 1640 usur-

373 1653 563 1697 pationibus
580 1656 759 1701 occuparit.
780 1658 892 1692 Melius
908 1664 1016 1693 autem
1037 1660 1120 1694 fece-

374 1712 423 1740 rat
446 1707 630 1743 fraternitas
650 1715 715 1752 tua,
736 1710 773 1752 si,
795 1717 1007 1757 posteaquam
1028 1713 1119 1748 Sedis

373 1761 580 1805 Apostolicae
600 1764 818 1809 appellatione
836 1766 1045 1811 interposita⁵
1065 1767 1119 1801 de-

373 1813 527 1850 sideravit
546 1827 692 1860 examen,
716 1818 802 1852 circa
818 1829 991 1864 personam
1012 1820 1080 1854 eius
1101 1831 1118 1854 a

374 1872 523 1913 tempore
539 1871 720 1905 sententiae
736 1871 818 1905 nihil
831 1873 1049 1917 permisisset⁶
1062 1873 1118 1906 im-

409 1996 420 2022 1
439 1992 519 2024 Prov.
537 2002 590 2031 xxi,
609 1996 652 2030 13,
668 1996 716 2025 ubi
730 1997 817 2034 legit.:
838 2009 850 2024 «
866 1998 922 2032 Qui
936 1999 1054 2028 obturat
1067 2009 1117 2028 au-

373 2048 436 2069 rem
454 2049 536 2069 suam
551 2041 590 2069 ad
604 2042 762 2071 clamorem
769 2045 922 2080 pauperis,
938 2047 965 2072 et
979 2045 1040 2080 ipse
1055 2046 1115 2073 cla-

371 2086 475 2121 mabit,
490 2089 517 2114 et
530 2095 589 2114 non
605 2088 817 2116 eacaudietur».

406 2131 422 2157 2
438 2130 476 2158 Ita
489 2134 517 2158 et
530 2131 627 2167 Maur„
642 2132 689 2160 sed
705 2132 802 2161 Baron.
818 2143 837 2162 a
852 2135 942 2169 vobis;
958 2143 1114 2171 perperam,

371 2174 400 2198 ut
415 2171 532 2199 videtur.

405 2216 422 2244 3
438 2216 560 2245 Bolland.
572 2218 640 2247 ibid.
656 2220 758 2256 optimo
773 2220 884 2257 quidem
895 2222 1008 2250 consilio
1021 2232 1032 2248 «
1045 2222 1115 2250 forte

371 2255 594 2285 interficiendum
621 2261 793 2295 refrayante
814 2271 838 2289 r.
860 2262 908 2289 Vel
931 2262 1022 2298 potius
1042 2262 1112 2298 leg.:

372 2296 532 2326 charitatis
551 2307 621 2326 suae
639 2300 716 2335 (loco
737 2302 823 2337 tuae)
842 2303 990 2331 voluntate
1009 2302 1113 2338 firma-

369 2337 455 2365 verit.

404 2377 420 2404 4
437 2377 533 2406 Baron.
551 2380 626 2414 quod
641 2380 866 2416 deleqaverimus
881 2383 1013 2419 episcopo
1036 2384 1112 2412 Con-

369 2419 536 2453 tumelioso;
552 2420 640 2447 minus
655 2420 735 2449 bene.

404 2463 421 2490 5
440 2463 536 2492 Baron.
558 2466 784 2500 appellationem
804 2468 1011 2503 interpositam
1030 2469 1110 2505 legit,

368 2503 416 2531 sed
436 2507 538 2532 mutato
558 2509 700 2534 contextu:
726 2517 738 2532 «
753 2508 856 2536 Melius
870 2530 922 2536 .....
943 2511 1052 2544 fecerat
1070 2511 1108 2544 fr.

370 2546 430 2579 tua,
451 2545 478 2572 si
495 2548 594 2580 postea
609 2554 697 2581 quam
717 2547 791 2575 sedis
809 2548 863 2583 Ap.
884 2550 1110 2584 appellationem

368 2584 574 2620 interpositam
596 2586 786 2623 desideravit,
806 2596 926 2616 examen
945 2589 1022 2617 circa
1039 2597 1108 2625 per-

368 2633 469 2653 sonam
485 2626 547 2655 eius
554 2647 606 2655 .....
624 2638 649 2655 ›>.
666 2628 702 2655 At
718 2637 743 2656 n.
761 2628 777 2655 Ι.
796 2629 982 2664 praeferenda.

1170 264 1289 306 minui3
1306 271 1341 298 ut
1355 270 1437 299 esset
1450 265 1612 309 integrum
1630 267 1808 310 negotium,
1821 268 1909 313 quod
1925 283 1953 306 «a.
1964 281 2056 311 fueritin
2065 287 2108 303 mo-

1170 318 1359 363 interposita
1405 320 1636 364 provocatione
1683 327 1905 365 quaereretur.
1924 311 2039 361 ’ἐὲῗὲἓῗωω
2055 309 2110 330 ‘⁹¹²‘

1168 372 1246 405 Nam
1273 372 1298 406 si
1324 373 1356 406 in
1382 374 1606 408 executionem
1636 374 1777 408 mittitur
1805 376 1910 420 prima

1167 426 1337 469 sententia,
1365 427 1506 460 secunda
1536 437 1601 461 non
1632 428 1730 461 habet
1754 428 1907 471 cognitio,

1168 480 1254 522 quod
1270 480 1424 524 requirat.
1442 481 1648 523 Addendum,
1664 482 1740 525 quia
1755 482 1831 515 etsi⁷
1844 493 1910 515 non

1167 539 1250 567 esset
1262 534 1449 578 praedictus
1462 534 1633 580 episcopus
1650 535 1840 569 iudicationi
1860 546 1911 569 re-

1166 588 1326 630 fragatus,
1353 588 1510 632 privatam
1535 589 1636 632 magis
1664 589 1770 633 potuit
1793 599 1908 623 secun-

1166 642 1243 675 dum
1258 652 1398 676 canones
1408 648 1557 687 expetere
1570 643 1796 685 secessionem,
1811 654 1907 687 quam

1164 695 1368 729 severitatem
1394 695 1560 739 religionis
1582 696 1741 741 excipere.
1769 696 1908 741 Suspen-

1163 760 1216 783 sus
1241 749 1355 792 igitur,
1379 749 1463 784 sic-ut
1478 750 1614 794 praefati
1632 761 1755 792 sumus,
1780 750 1906 795 episco-

1162 813 1222 846 pus
1246 803 1505 837 Contumeliosus
1519 803 1637 838 habeat
1654 809 1791 846 tantum,
1808 814 1906 848 quam

1161 856 1417 900 praesumpsisse
1427 856 1556 896 dicitur,
1568 857 1819 891 celebrationem
1831 857 1906 891 mis-

1161 919 1269 942 sarum
1283 910 1310 950 ³3
1334 915 1365 943 et
1383 910 1582 954 patrimonio
1613 911 1775 945 Ecclesiae
1795 911 1828 944 in
1844 921 1904 954 gu·
1930 919 2105 946 Decernitpatri·

1160 962 1350 997 bernatione
1359 963 1581 997 archidiaconi
1591 964 1734 998 eiusdem
1743 964 1904 998 Ecclesiae
1919 947 2054 1003 Τὴῗὲῑῖῗοιῗὲ
2066 953 2104 995 3Ᾰῖ

1918 1000 2081 1021 ministrandum
2089 1016 2095 1025 ‚

1160 1016 1346 1058 constituto,
1377 1017 1421 1051 ita
1449 1023 1485 1051 ut
1505 1018 1661 1052 alimonia
1685 1018 2104 1075 sufficienter⁹gggffacffi'sgffnmsg

1159 1071 1311 1115 episcopo
1331 1081 1397 1104 non
1417 1077 1587 1115 negentur,
1603 1072 1814 1106 visitatoriam
1827 1071 1851 1090 ¹⁰
1871 1072 1903 1105 in
1919 1059 2078 1101 visitatorem-¹³

1159 1124 1228 1158 eius
1238 1125 1311 1158 loco
1325 1125 1544 1169 praecipimus
1557 1125 1702 1159 ordinari
1715 1136 1900 1170 personam,

1159 1182 1189 1210 et
1208 1177 1370 1221 patienter
1398 1184 1567 1222 expectare
1591 1178 1730 1220 iudices,
1754 1189 1835 1223 quos
1855 1179 1903 1212 in-

1157 1231 1300 1274 spirante
1331 1231 1426 1264 nobis
1460 1232 1598 1266 Domino
1637 1232 1902 1266 constituerimus

1158 1284 1281 1318 audire.
1312 1285 1505 1327 Praeterea,
1540 1296 1580 1319 ne
1609 1286 1688 1330 quid
1714 1291 1797 1320 esset
1813 1286 1901 1330 quod

1158 1337 1306 1371 charitati
1333 1344 1405 1371 tuae
1422 1338 1571 1372 videatur
1590 1339 1804 1382 incognitum,
1827 1345 1899 1373 stu-

1157 1391 1210 1425 dio
1228 1392 1412 1426 dilectionis
1432 1393 1681 1427 constitutorum
1697 1393 1832 1428 fecimus
1849 1404 1900 1427 ca-

1155 1445 1258 1490 pitula
1277 1446 1388 1480 subter
1405 1448 1533 1482 annecti
1546 1447 1578 1489 ¹¹,
1601 1453 1636 1482 ut
1656 1448 1792 1482 scientia
1812 1458 1900 1482 com-

1155 1500 1361 1535 municemur
1378 1512 1552 1544 canonum,
1566 1503 1648 1536 sicut
1664 1502 1900 1547 participamur

1155 1553 1281 1587 affectu.
1316 1554 1400 1588 Deus
1431 1560 1462 1588 te
1494 1555 1691 1589 incolumem
1724 1555 1895 1598 custodiat,

1154 1606 1255 1640 frater
1275 1607 1450 1642 carissime.

1196 1660 1275 1694 Data
1302 1661 1547 1706 decimoquinto
1579 1662 1733 1697 kalendas
1761 1663 1896 1707 Augusti

1152 1718 1224 1756 post
1238 1714 1441 1748 consulatum
1462 1714 1587 1748 Paulini
1602 1714 1741 1750 Iunioris
1758 1715 1818 1749 viri
1832 1716 1896 1750 cla-

1152 1766 1283 1800 rissimi.

1187 1830 1245 1858 Dat.
1268 1830 1311 1858 die
1333 1831 1365 1859 18
1385 1831 1456 1868 Iulii,
1476 1841 1521 1860 an.
1537 1832 1600 1862 535.

1185 2004 1202 2031 6
1216 2003 1313 2032 Baron.
1329 2013 1390 2032 cum
1410 2005 1455 2033 cit.
1477 2005 1538 2033 cod.
1557 2006 1750 2041 permisisses.

1186 2050 1200 2076 7
1221 2048 1315 2076 Melius
1330 2049 1446 2077 fortasse
1461 2050 1483 2077 si
1498 2049 1572 2085 legas
1587 2052 1614 2079 et
1628 2050 1654 2078 si
1668 2058 1716 2086 pro
1732 2050 1795 2079 elsi.

1185 2093 1200 2120 8
1215 2093 1258 2120 Sic
1282 2093 1347 2121 edit.
1372 2093 1491 2130 passim;
1516 2094 1564 2122 sed
1583 2102 1740 2130 perperam,
1756 2094 1790 2122 iis
1803 2094 1892 2123 refra-

1148 2138 1285 2174 gantibus,
1295 2147 1364 2174 quae
1375 2138 1500 2175 superius
1508 2139 1596 2175 inquit
1604 2139 1726 2167 Pontifex
1745 2150 1757 2166 ε
1767 2140 1890 2175 episcop.

1150 2183 1397 2211 Contumeliosum
1411 2204 1463 2211 .....
1479 2191 1648 2219 suspensum
1670 2184 1793 2213 interim
1812 2185 1893 2212 volu-

1148 2235 1212 2256 mus
1222 2248 1274 2255 .....
1291 2228 1483 2256 celebratione
1496 2228 1691 2257 missarum».
1708 2229 1795 2256 «Cum
1807 2228 1889 2257 Hard.

1147 2272 1231 2308 igitur
1249 2276 1277 2299 et
1295 2272 1341 2299 cit.
1363 2281 1428 2300 mss.
1445 2273 1550 2308 corrige
1570 2284 1582 2298 «
1596 2273 1740 2308 Suspenso
1753 2294 1807 2301 .....
1829 2274 1892 2310 epi-

1146 2326 1222 2352 scop.
1245 2318 1457 2346 Contumelioso
1477 2319 1512 2345 ab
1532 2327 1566 2345 ea
1625 2318 1813 2347 celebratione
1826 2329 1852 2347 n.
1871 2318 1890 2345 E

1146 2362 1234 2390 Maur.
1260 2362 1277 2390 l.
1304 2370 1327 2390 c.
1349 2362 1401 2390 Sed
1425 2363 1575 2398 simplicius
1600 2363 1691 2390 locum
1716 2363 1890 2391 emendatum

1146 2405 1261 2434 habebis
1276 2407 1390 2443 legendo
1404 2415 1573 2442 suspensam
1632 2407 1738 2436 habeat

1180 2452 1197 2479 9
1212 2453 1406 2488 Sufficientia,
1422 2452 1473 2480 Iid.

1182 2498 1215 2525 10
1232 2497 1397 2526 Visilatoris
1413 2500 1438 2526 te
1455 2518 1461 2525 .
1527 2498 1678 2527 ordinare.
1695 2497 1744 2525 lid.

1180 2543 1209 2569 11
1230 2541 1349 2569 «Mirum
1370 2546 1412 2570 est
1433 2551 1465 2570 ea
1485 2542 1602 2578 capitula
1623 2542 1667 2570 hic
1690 2542 1796 2570 deesse.
1820 2541 1885 2570 For-

1144 2589 1215 2614 tasse
1236 2586 1310 2614 misit
1332 2587 1457 2615 Pontii'ex
1477 2595 1547 2623 quae
1571 2595 1586 2614 a
1610 2587 1707 2615 concil.
1731 2586 1887 2615 Sardicensi

1143 2630 1214 2659 circa
1229 2631 1425 2667 appellationes
1441 2632 1550 2661 decreta
1570 2633 1675 2661 fuerant
1686 2643 1711 2660 ».
1729 2632 1778 2661 lid.
