2244 3183
500 214 540 248 7⁶2

465 273 690 306 retributorem
721 273 751 305 in
784 272 934 306 omnibus
966 273 1119 310 habeatis,
1144 283 1204 316 pro

465 325 554 358 cuius
575 332 637 359 tam
653 326 725 370 pie¹
744 326 818 359 estis
839 326 995 369 religione
1009 326 1154 367 sollieiti;
1175 332 1204 360 et

464 378 518 422 qui
539 389 604 419 vos,
628 385 662 411 ut
682 389 732 412 res
758 379 825 422 ipsa
846 380 1057 420 demonstrat,
1082 380 1121 413 ad
1143 379 1204 413 hoe

464 438 497 465 ut
518 432 597 466 tides
617 433 775 466 catholica
796 433 834 466 ab
852 433 976 466 insidiis
997 433 1201 466 inimicorum

464 495 596 518 suorum
618 486 855 527 defenderetur,
879 487 985 529 elegit,
1017 486 1203 529 gloriosissi-

465 549 515 571 me
535 538 555 571 ⁹.
580 540 665 572 llaec
686 550 737 573 me
757 551 844 573 nunc
862 540 1003 573 breviter
1022 550 1080 584 per
1099 539 1202 573 fratris

465 591 527 624 inei
548 592 687 625 Anatolii
708 593 842 627 clericos
866 593 969 637 pietas
1000 598 1103 626 vestra
1123 592 1202 626 scri-

461 645 564 688 psisse
580 646 590 661 ³
608 646 779 688 dignanter
803 647 949 690 accipiat.
974 646 1122 679 Pleniora
1148 656 1203 678 au-

265 706 321 753 teg?
333 707 449 755 51111133131123
466 704 528 732 tem
558 699 597 732 de
626 700 776 733 omnibus
797 711 878 744 quae
899 700 938 733 ad
965 710 1073 733 curam
1097 710 1200 733 meam

266 762 307 780 cei.
464 763 522 796 pro
543 759 625 787 statu
643 755 861 794 eeclesiarum,
886 760 916 787 et
936 754 1110 788 concordia
1130 764 1203 797 per-

466 807 565 840 tinent
591 808 717 841 Domini
748 808 972 845 sacerdotum.
998 818 1055 852 per
1080 808 1202 850 legatos

464 866 590 894 nostros
610 862 729 905 scripta
750 861 925 895 direximus
944 862 965 894 ⁴.

267 222 315 248 An.
338 222 368 249 C.
385 223 431 250 451

507 915 583 947 Data
614 915 719 948 idibus
739 915 855 959 Aprilis
871 942 878 955 ‚
907 914 1030 948 Adelfio
1051 914 1118 947 viro
1139 912 1214 947 cla-v

464 968 591 1002 rissimo
613 969 756 1002 consule.

499 1031 557 1058 Dat.
579 1032 622 1059 die
640 1033 669 1059 13
689 1032 795 1068 Aprilis,
817 1040 860 1059 an.
878 1032 939 1059 45¹.

667 1208 850 1242 EPISTOLA
877 1208 963 1241 XLVI
972 1208 992 1240 ⁵.

462 1306 657 1339 Pulcheriae
679 1310 768 1349 qesta
788 1316 865 1348 crya
889 1305 1066 1338 Ecclesiam
1088 1308 1201 1347 qram-

506 1368 602 1408 latus,
623 1367 787 1401 nonnulla
802 1367 867 1411 ipsi
887 1366 1098 1400 commendat.

599 1467 654 1493 Leo
675 1465 832 1500 episcopus
852 1465 935 1493 urhis
956 1466 1062 1492 Romae

653 1519 831 1547 Pulcheriae
846 1519 1006 1552 Augustae.

504 1609 576 1642 CAP.
604 1609 626 1641 I.
654 1608 745 1647 Quod
770 1618 897 1651 semper
924 1608 963 1640 de
994 1612 1103 1641 saneta
1131 1607 1200 1651 pie-

462 1661 533 1695 tatis
563 1667 686 1694 vestrae
718 1666 825 1694 mente
845 1661 1140 1704 praesumpsimus,
1168 1660 1200 1693 id

460 1714 644 1758 plenissime
665 1713 859 1757 experiendo
880 1714 1100 1755 eognovimus,
1117 1713 1201 1746 chri-

460 1767 597 1800 stianam
618 1767 736 1807 fidem,
760 1767 905 1811 quamvis
929 1767 1060 1800 diversis
1085 1776 1199 1810 pravo-

460 1831 532 1853 rum
565 1826 771 1864 appeteretur
803 1820 947 1861 insidiis,
972 1821 1061 1854 vobis
1093 1827 1199 1853 tamen

460 1875 700 1918 praesentibus,
725 1881 755 1908 et
775 1874 806 1907 in
839 1875 1056 1908 defensionem
1085 1874 1151 1908 eius
1183 1885 1200 1907 a

460 1928 596 1961 Domino
616 1928 828 1972 praeparatis,
856 1939 920 1961 non
941 1939 1034 1972 posse
1064 1928 1196 1961 turbari.

460 1980 529 2013 Non
547 1980 633 2014 enim
653 1981 735 2014 Deus
752 1988 808 2014 aut
827 1991 904 2014 suae
929 1981 1172 2014 misericordiae
1191 1980 1201 1996 ⁰

460 2039 698 2067 sacramentum
717 2062 724 2076 ‚
748 2040 802 2068 aut
819 2035 914 2069 vestri
941 2035 1061 2068 laboris
1082 2034 1201 2068 deserit

319 1659 445 1680 pulcheriae

262 1686 352 1711 probata
367 1686 425 1706 tides.

495 2151 506 2177 1
534 2160 546 2175 «
560 2150 600 2177 ΑΙ.
623 2153 682 2178 tam
696 2151 784 2185 pia».
806 2150 934 2177 Ballerin,
953 2151 969 2178 l.
993 2159 1014 2178 e.
1028 2150 1163 2178 Mendose.

493 2194 510 2220 2
529 2194 620 2221 «Edit.
632 2198 693 2222 ante
707 2194 843 2225 Quesnell.
861 2195 951 2223 delent
965 2195 1197 2230 gloriosissime».

458 2237 584 2266 Ballerin.
605 2239 623 2265 l.
640 2247 663 2266 c.

492 2281 509 2309 3
524 2281 644 2309 Cacciar.
662 2282 678 2309 Ι.
693 2291 715 2309 c.
733 2283 944 2318 conscripsisse:
961 2283 1025 2310 edit.
1038 2287 1099 2311 ante
1115 2284 1200 2315 Oues-

457 2326 520 2354 nell.
542 2331 667 2354 neutrum
688 2327 798 2355 hahent.
816 2328 877 2356 Vid.
893 2329 1017 2356 Ballerin.
1036 2329 1052 2356 l.
1067 2338 1089 2355 c.

492 2372 508 2398 4
526 2371 617 2399 Innuit
631 2371 708 2408 epist.
726 2372 850 2407 praeced.
868 2379 960 2408 xxxtx,
978 2380 1010 2400 ιιι,
1025 2377 1051 2400 et
1065 2380 1119 2401 xm.

491 2416 508 2443 5
523 2415 560 2443 Ex
580 2416 642 2444 edit.
662 2416 786 2444 Ballerin.
816 2418 885 2453 Opp.
909 2419 936 2446 S.
962 2419 1064 2446 Leonis
1089 2422 1152 2445 tom.
1179 2424 1198 2452 1,

457 2456 507 2484 col.
527 2456 604 2484 1035.

491 2501 508 2528 6
528 2500 647 2528 Caeciar.
669 2501 736 2536 Opp.
763 2502 791 2529 S.
810 2502 912 2530 Leonis
927 2506 994 2538 part,
1013 2509 1040 2537 ιι,
1061 2511 1119 2539 pag.
1147 2502 1199 2530 244

457 2541 529 2568 iuxta
548 2540 629 2568 tidem
644 2549 706 2568 mss.
728 2542 803 2576 fidei.

492 2586 507 2612 7
527 2597 539 2611 «
554 2585 595 2613 At.
612 2586 749 2622 depulisti
763 2598 787 2614 ».
801 2586 924 2614 Ballerin.
939 2588 954 2615 Ι,
973 2596 996 2615 c.
1014 2588 1091 2615 Certe
1107 2587 1197 2615 mend.

458 2625 617 2661 typograph.

995 225 1155 249 APPENDIX
1174 224 1326 249 BULLARII
1342 224 1463 249 ROMANJ

1238 273 1400 313 meritum,
1424 283 1488 316 quo
1508 273 1628 305 dudum
1655 272 1824 305 subdolum
1846 278 1974 306 sanctae

1238 326 1401 368 religionis
1422 326 1544 359 hostem
1571 325 1609 358 ab
1630 325 1706 368 ipsis
1725 325 1899 359 visceribus
1919 326 1975 359 Ec-

1238 380 1352 413 elesiae
1373 379 1539 423 depulistis
1558 379 1586 419 ³,
1610 389 1682 411 cum
1704 378 1863 412 haeresim
1882 389 1973 412 sunm

1239 433 1320 465 tueri
1352 433 1498 476 impietas
1527 431 1716 465 'Nestoriana
1746 442 1811 464 non
1838 431 1971 475 potuit;

1237 486 1312 530 quia
1329 497 1393 520 non
1419 486 1528 520 fefellit
1553 487 1704 519 famulam
1723 491 1754 518 et
1784 485 1973 529 discipulam

1236 540 1390 581 veritatis,
1414 546 1569 584 quantuni
1595 539 1795 583 simplicibus
1822 539 1971 572 infunde-

1237 599 1325 627 retur
1356 593 1469 627 veneni
1498 604 1556 637 per
1585 593 1638 625 illa
1668 592 1811 636 loquacis
1835 592 1975 625 hominis

1237 647 1379 679 colorata
1391 646 1569 679 mendacia.
1582 646 1624 679 De
1638 655 1702 689 quo
1710 645 1864 678 virtutum
1874 655 1976 687 agone

1236 700 1400 743 processit,
1426 706 1461 733 ut
1480 710 1537 743 per
1563 698 1811 733 sollicitudinem
1838 704 1975 732 vestram

1237 764 1283 793 ea,
1307 764 1389 797 quae
1408 764 1466 796 per
1490 753 1653 797 Eutychen
1673 752 1683 768 ⁸
1703 752 1849 785 diabolus
1877 752 1974 785 moli-

1237 813 1285 840 tus
1306 813 1364 848 est,
1388 817 1452 840 non
1473 807 1621 847 laterentj,
1642 806 1740 850 etqui
1754 806 1814 839 sibi
1835 806 1976 848 singulas

1236 866 1341 903 partes
1361 860 1507 902 geminae
1528 859 1700 903 impietatis
1720 860 1893 902 elegerant,
1913 870 1977 893 una

1236 914 1412 947 catholicae
1443 914 1519 947 fidei
1547 914 1686 947 γίιιιιῐθο
1709 914 1972 957 procumberent.

1235 967 1382 1000 Secunda
1402 978 1479 1010 ergo
1499 967 1578 1000 haee
1606 967 1695 1000 vobis
1709 994 1716 1007 ,
1740 967 1779 1000 de
1806 972 1975 1011 perempto

1236 1021 1384 1064 Eutychis
1405 1031 1527 1062 errore,
1545 1021 1678 1054 victoria
1700 1027 1760 1054 est:
1782 1032 1879 1064 quem
1897 1019 1930 1061 ¹⁰,
1949 1022 1974 1054 si

1235 1074 1313 1118 quid
1344 1075 1411 1107 sani
1433 1075 1539 1108 cordis
1559 1075 1733 1115 habuisset,
1759 1075 1880 1107 dudum
1902 1073 1921 1090 ¹¹
1943 1074 1974 1107 in

1236 1128 1422 1161 auctoribus
1441 1128 1506 1161 suis
1519 1129 1715 1171 perculsum,
1739 1128 1881 1172 olimque
1901 1138 1976 1172 pro-

1235 1186 1370 1214 stratum
1395 1181 1486 1214 facile
1506 1186 1657 1225 potuerat
1681 1181 1856 1222 declinare,
1879 1192 1919 1214 ne
1937 1181 1976 1214 de

1234 1234 1366 1277 sepultis
1384 1234 1545 1267 cineribus
1557 1234 1696 1267 rediviva
1717 1239 1854 1268 tentaret
1865 1234 1976 1267 incen-

1235 1286 1288 1320 dia
1314 1297 1541 1328 commovere,
1568 1293 1604 1320 ut,
1632 1288 1664 1320 in
1690 1298 1802 1321 eorum
1828 1287 1977 1322 transiret

1235 1341 1446 1382 consortium,
1463 1352 1602 1385 quorum
1616 1347 1770 1385 sequutus
1784 1347 1865 1375 esset
1872 1352 1976 1375 exem-

1235 1394 1339 1437 plum,
1371 1394 1602 1437 gloriosissima
1621 1395 1773 1437 Augusta.
1807 1394 1898 1428 Libet
1918 1394 1976 1437 igi-

1194 1483 1202 1491 ,
1237 1452 1287 1480 tur
1310 1448 1452 1481 exultare
1473 1459 1545 1481 cum
1567 1448 1696 1491 gaudio,
1720 1453 1751 1481 et
1769 1459 1829 1492 pro
1853 1453 1975 1481 vestrae

1236 1501 1425 1534 clementiae
1452 1501 1666 1546 prosperitate
1689 1502 1785 1544 digna
1811 1502 1876 1535 Deo
1901 1507 1975 1535 vota

1236 1555 1438 1596 persolvere,
1466 1555 1521 1598 qui
1553 1555 1608 1588 tibi
1630 1565 1688 1598 per
1718 1565 1830 1588 omnes
1861 1555 1974 1588 mundi

1234 1612 1361 1650 partes,
1396 1608 1427 1640 in
1455 1608 1572 1652 quibus
1602 1608 1729 1641 Domini
1766 1608 1973 1650 Evangelium

1234 1661 1448 1704 praedicatur,
1472 1661 1633 1705 duplicem
1656 1662 1717 1694 iam
1744 1667 1774 1695 et
1793 1662 1934 1705 palmam
1952 1660 1974 1678 ¹⁹

1235 1714 1380 1755 eontulit,
1401 1720 1432 1747 etv
1452 1725 1616 1748 coronam.

1278 1768 1349 1801 CAP.
1373 1769 1409 1801 ΙΙ.
1433 1768 1607 1801 Clementia
1631 1768 1728 1810 igitur
1748 1767 1769 1784 ¹³
1788 1773 1893 1802 vestra
1913 1778 1970 1802 eo-

1234 1827 1365 1863 gnoscat
1376 1820 1395 1837 ¹⁴
1413 1831 1541 1854 omnem
1557 1822 1733 1854 Romanam
1747 1821 1919 1854 Ecclesiam
1934 1822 1973 1855 de

1235 1874 1390 1908 universis
1407 1874 1482 1908 fidei
1496 1880 1617 1908 vestrae
1628 1875 1779 1918 operibus
1796 1875 1973 1919 plurimum

1235 1927 1397 1970 gratulari,
1421 1928 1485 1961 sive
1505 1928 1590 1971 quod
1616 1928 1809 1970 legationem
1829 1933 1973 1961 nostram

1234 1981 1287 2025 pio
1305 1992 1362 2025 per
1376 1981 1485 2014 omnia
1499 1981 1619 2014 iuvistis
1637 1981 1752 2014 affectu
1764 1980 1794 2022 ¹⁵,
1812 1987 1842 2014 et
1854 1981 1939 2024 quod
1953 1979 1974 1997 ¹⁶

1234 2035 1416 2068 sacerdotes
1447 2035 1643 2076 catholicos,
1678 2035 1733 2079 qui
1760 2035 1799 2068 de
1825 2034 1974 2068 Ecclesiis

1269 2151 1285 2177 8
1309 2162 1320 2175 «ι
1340 2150 1389 2178 Sex
1409 2149 1486 2178 codd.
1501 2159 1573 2186 quae
1584 2151 1722 2186 pereunti
1740 2150 1972 2179 diabotus».Bat-

1235 2190 1311 2217 lerin.
1335 2191 1350 2218 Ι.
1366 2200 1388 2218 c.
1407 2191 1474 2218 Sane
1490 2191 1590 2218 rectius
1605 2200 1632 2218 n.
1649 2191 1740 2218 lectio.

1269 2236 1285 2263 9
1307 2245 1318 2261 (ι
1336 2235 1393 2262 Vat.
1413 2236 1480 2263 1340
1499 2236 1618 2264 veritate
1634 2246 1658 2262 ».
1680 2235 1796 2263 Cacciar.
1814 2243 1874 2271 pag.
1896 2236 1955 2264 245.

1271 2281 1303 2307 10
1317 2280 1434 2307 Caeciar.
1458 2281 1473 2308 l.
1493 2290 1515 2307 c.
1534 2282 1593 2316 qui.

1270 2325 1298 2351 11
1317 2324 1433 2351 Caeciar.
1452 2324 1469 2350 l.
1485 2334 1509 2351 c.
1526 2333 1655 2353 errorem
1675 2325 1789 2353 dudum.

1270 2369 1301 2396 12
1317 2369 1436 2397 Caeciar.
1458 2370 1474 2396 1.
1493 2379 1514 2397 e.
1538 2379 1598 2397 cum
1613 2371 1683 2397 Vatt.
1697 2378 1759 2397 mss.
1773 2370 1896 2405 duplicis
1909 2370 1971 2404 ylo·

1233 2409 1296 2437 riae
1307 2410 1448 2444 palmam.

1269 2455 1302 2481 13
1320 2454 1382 2481 «ΑΙ.
1404 2463 1470 2489 erqo
1486 2467 1509 2482 ι».
1533 2455 1652 2483 Cacciar.
1669 2455 1686 2482 l.
1708 2464 1730 2482 c.

1267 2499 1302 2525 14
1322 2499 1439 2526 cacciar.
1457 2499 1475 2526 l.
1497 2508 1519 2526 c.
1536 2503 1680 2535 aynoscat.

1269 2544 1302 2571 15
1325 2556 1337 2568 κ
1355 2545 1415 2571 Vat.
1439 2544 1506 2572 1310
1525 2545 1624 2580 effectu
1637 2556 1661 2570 ».
1680 2544 1797 2571 Cacciar.
1814 2545 1831 2571 l.
1849 2552 1870 2571 c.

1268 2588 1301 2654 1¹t3
1324 2600 1335 2613 «
1352 2588 1407 2616 Vat.
1424 2589 1488 2617 3791
1503 2593 1528 2617 et
1543 2589 1844 2624 siequod».Cacciar.l.
1855 2598 1878 2616 c.
1892 2589 1971 2618 Forte

1233 2636 1274 2656 ΙΠΕ
1287 2637 1335 2655 tus.

2006 224 2056 250 An.
2077 223 2106 250 C.
2121 224 2170 252 451

2029 390 2080 411 Eius
2101 389 2172 411 studio

1990 419 2010 437 et
2033 417 2130 441 Nestorii,
2152 418 2173 437 et

1989 443 2090 470 Eutychis
2123 443 2173 464 hao-

1990 475 2048 491 reses
2070 469 2170 496 pronian-

2013 1029 2096 1052 Quanta
2104 1028 2124 1049 in
2132 1028 2174 1049 Eu-

1990 1056 2051 1081 tyche
2067 1055 2172 1082 impietas.

2014 1769 2140 1792 Pulcheriae
2150 1777 2171 1792 θ-

1988 1797 2060 1823 gregia
2070 1798 2172 1819 facinora.
