2244 3183
425 173 490 208 50⁶2

388 232 477 266 noris
495 238 681 276 augmento,
699 232 728 265 in
741 232 813 272 hoc,
828 242 893 276 quo
911 232 1026 266 detecti
1044 239 1129 275 sunt,

387 287 544 330 quamdiu
569 286 759 327 advixerint,
782 285 889 319 ossicio
909 292 1127 330 perseverent,

386 341 412 374 si
439 346 547 374 tamen
572 345 645 384 post
669 340 749 373 haec
777 340 979 373 continentes
1005 351 1038 373 se
1058 346 1128 374 stu-

388 393 517 426 duerint
535 392 695 426 exhibere.
718 392 741 425 li
762 403 850 432 vero,
867 392 922 436 qui
941 392 1043 425 illiciti
1066 392 1131 436 pri-

188 457 371 505 »ibtoiiuss‘rss'oiii
387 445 493 488 vilegii
515 446 719 479 excusatione
744 445 910 486 nituntur,
939 451 973 479 ut
997 446 1057 479 sibi
1082 456 1131 479 as-

186 511 372 558 ffiyugtmmenlsltg:
386 504 493 532 serant
505 498 600 532 veteri
610 499 750 541 hoclege
765 509 965 539 concessum,
983 500 1131 532 noverint

197 183 248 211 An.
265 182 294 212 C.
310 183 361 212 534

186 563 370 596 norepnvandus.
386 563 419 585 se
437 552 476 585 ab
498 552 586 585 omni
607 552 824 586 eeclesiastico
845 552 980 593 honore,
1005 563 1070 596 quo
1083 553 1142 586 in·-

386 606 473 649 digni
493 612 578 647 sunt,
602 606 805 650 Apostolicae
830 606 921 640 Sedis
938 606 1128 640 auctoritate

385 660 543 701 deiectos,
569 670 629 693 nec
649 671 804 704 umquam
826 671 920 704 posse
945 661 1129 694 veneranda

201 722 367 758 ⁴uamobscenis
384 717 556 746 attrectare
574 713 737 757 mysteria,
758 714 877 758 quibus
895 725 928 748 se
949 714 1021 758 ipsi,
1050 715 1127 748 dum

183 749 368 802 222¹ss³u¹3³1il¹1235
383 766 532 800 obscenis
557 767 789 811 cupiditatibus
810 767 953 809 inhiant,
976 768 1125 812 privave-

382 826 468 854 runt.
492 821 529 854 Et
549 821 624 865 quia
648 822 795 866 exempla
819 822 994 866 praeterita
1015 834 1128 858 cavere

382 883 441 907 nos
464 881 680 918 praemonent
701 875 733 908 in
754 876 882 917 futuro;
905 877 1044 920 quilibet
1061 877 1128 922 epi-

381 937 516 972 scopus,
544 928 713 973 presbyter
732 934 828 973 atque
848 929 1015 972 diaconus,
1040 933 1127 975 quod

382 991 448 1014 non
466 987 627 1025 optamus,
651 982 803 1027 deinceps
816 983 911 1017 fuerit
926 984 997 1018 talis
1017 984 1127 1018 inven-

383 1040 444 1076 tus,
477 1035 540 1068 iam
565 1046 652 1069 nunc
676 1036 737 1070 sibi
758 1047 888 1070 omnem
909 1049 968 1082 per
995 1049 1054 1072 nos
1078 1038 1127 1072 in-

383 1088 567 1131 dulgentiae
596 1089 719 1123 aditum
746 1090 905 1134 intelligat
926 1092 1123 1126 obseratum.

382 1141 462 1181 Quia
493 1143 580 1176 ferro
611 1153 742 1177 necesse
767 1150 814 1178 est
838 1145 1028 1178 excidantur
1050 1147 1123 1179 vul-

381 1206 477 1237 nera,
506 1207 589 1240 quae
617 1197 838 1231 fomentorum
867 1208 933 1232 non
965 1200 1127 1233 senserint

382 1249 579 1283 medicinam
595 1263 624 1284 ».

423 1303 467 1336 Ex
483 1304 670 1338 Canonibus
680 1305 926 1348 Apostolorum,
941 1316 1011 1350 cap.
1024 1306 1125 1341 xxv¹:

386 1356 602 1401 «Episcopus,
619 1358 797 1403 presbyter,
818 1365 873 1392 aut
886 1359 1054 1401 diaconus,
1071 1361 1127 1405 qui

382 1409 414 1442 in
442 1410 668 1452 fornicatione,
692 1417 747 1445 aut
766 1413 911 1456 periurio
933 1420 1045 1458 captus
1065 1420 1123 1456 est,

381 1463 575 1507 deponatur,
599 1474 664 1498 non
686 1471 794 1499 tamen
816 1467 1047 1501 communione
1060 1467 1127 1512 pri-

380 1522 501 1551 vetur»
518 1530 526 1559 ;
551 1518 727 1553 dicitenim
738 1520 922 1564 Scriptura:
948 1534 960 1554 «
973 1522 1044 1556 Non
1057 1522 1127 1555 vin-

380 1571 501 1605 dicabit
521 1572 676 1606 Dominus
697 1573 745 1607 bis
766 1574 799 1607 in
820 1574 962 1618 idipsum
985 1588 1013 1609 ».

424 1624 467 1658 Ex
485 1625 673 1660 Canonibus
692 1628 932 1672 suprascriptis,
950 1640 1020 1674 cap.
1037 1640 1121 1664 xxix.

379 1679 472 1719 Quod
508 1679 651 1714 officium
685 1681 858 1725 pristinum
896 1683 1040 1717 damnati
1065 1694 1126 1728 pro

379 1732 571 1767 criminibus
599 1745 758 1779 usurpare
784 1745 850 1769 non
868 1735 1024 1770 debeant:
1058 1749 1071 1768 «
1093 1736 1126 1770 Si

379 1786 452 1830 quis
477 1787 665 1832 episcopus,
688 1788 868 1834 presbyter,
895 1795 950 1824 aut
969 1790 1126 1825 diaconus

380 1840 545 1884 depositus
576 1841 658 1876 iuste
689 1853 787 1887 super
811 1843 906 1877 certis
934 1844 1126 1878 criminibus

379 1903 475 1928 ausus
506 1895 604 1928 fuerit
630 1901 801 1930 attrectare
822 1896 1039 1931 ministerium
1060 1898 1122 1931 du-

380 1945 458 1980 dum
467 1947 759 1991 sibicommissum,
780 1949 833 1983 hic
854 1950 894 1983 ab
912 1950 1056 1984 Ecclesia
1068 1961 1126 1995 pe-

379 2000 466 2035 nitus
486 2001 698 2036 abscindatur
711 2002 758 2036 ⁹».

422 2055 466 2088 Ex
481 2055 912 2099 CanonibusAntiochenis,
933 2069 1003 2103 cap.
1025 2069 1068 2100 iv,
1085 2060 1125 2093 de

379 2108 552 2150 damnatis,
576 2115 608 2143 et
627 2109 813 2144 ministrare
828 2112 1048 2146 tentantibus:
1071 2126 1083 2144 (t
1093 2113 1124 2147 Si

379 2160 451 2206 quis
468 2161 640 2206 episcopus
652 2161 662 2179 ³
687 2163 861 2198 damnatus
878 2175 897 2198 a
915 2166 1051 2210 synodo,
1074 2166 1124 2199 vel

206 1040 241 1061 {iis
252 1046 367 1067 numquam

183 1067 339 1094 indulgendum.

234 1358 365 1385 Episcopus,

180 1385 301 1412 presbyter,
329 1388 367 1406 aut

182 1413 286 1433 diaconus
302 1413 365 1433 forni-

181 1441 255 1463 cator,
271 1439 302 1460 vel
319 1445 366 1465 per-

180 1465 239 1486 iurus
258 1465 365 1491 deponen-

181 1492 234 1516 dus;
259 1493 297 1513 sed
325 1499 366 1513 non

181 1519 365 1566 gxcommuuieau-

197 1551 232 1566 us.-

245 1784 275 1806 Ab
291 1785 364 1807 Eccle-

178 1812 211 1833 sia
220 1817 269 1833 vero
278 1813 364 1838 penitus

181 1839 316 1864 separandus
325 1855 330 1863 ,
346 1839 364 1860 si

181 1865 235 1886 iuste
254 1866 364 1892 depositus

177 1891 290 1918 pristinum
304 1892 364 1913 mini-

178 1918 266 1939 sterium
297 1921 364 1940 attre-

178 1947 237 1966 ctare
254 1945 340 1968 audeat.

231 2159 296 2189 lrnum
312 2159 362 2180 huie

178 2190 217 2207 nec
224 2187 363 2208 restitutionis

414 2278 424 2304 1
442 2275 491 2305 Hic
505 2276 590 2306 Mans.
609 2287 640 2306 ex
656 2278 717 2307 cod.
741 2279 800 2308 Vat.
815 2280 947 2308 interlicit
961 2282 1122 2318 sequentia:

379 2331 391 2348 ι
411 2323 492 2355 Quod
506 2324 664 2359 episcopus,
689 2327 741 2352 ant
760 2326 922 2361 presbyter,
948 2330 1000 2355 aut
1024 2327 1124 2355 diaco-

377 2375 449 2402 nus,
472 2368 498 2395 si
517 2376 574 2403 pro
589 2369 763 2397 criminibus
778 2370 915 2398 damnati
928 2371 1053 2406 fuerint,
1070 2372 1124 2399 mi-

377 2412 459 2440 nime
473 2414 675 2441 communione
682 2415 856 2449 priventur»
864 2437 870 2442 .
883 2415 956 2446 Quae
967 2424 1032 2444 sane
1041 2416 1124 2444 verba

378 2457 490 2485 canonis
504 2462 695 2494 argumentum
707 2459 876 2495 praeseferre
886 2469 964 2489 nemo
976 2469 1029 2489 non
1041 2461 1122 2489 videt.

412 2502 429 2529 ,⁶3
439 2501 478 2529 Id.
492 2511 523 2530 ex
535 2503 597 2530 eod.
609 2503 683 2531 fonte
693 2503 785 2531 adiicit
797 2513 803 2532 :
820 2505 876 2532 «Ex
887 2506 1043 2534 Canonibus
1054 2506 1124 2534 Neo-

379 2547 599 2576 caesariensibus
613 2555 663 2576 xcv
678 2548 711 2577 de
731 2549 906 2585 presbyteris,
931 2551 977 2587 qui
998 2551 1124 2580 fornicati

379 2596 450 2619 sunt.
468 2593 622 2629 Presbyter
635 2594 662 2622 si
675 2594 838 2629 fornicatus
855 2595 959 2631 suerit,
975 2599 1027 2625 aut
1040 2596 1124 2625 adtel-

914 184 1076 208 APPENDIX
1093 184 1244 209 BULLARII
1263 183 1384 209 ROMANI

1940 184 1990 212 An.
2011 184 2039 213 C.
2054 182 2106 214 534

1165 232 1344 277 presbyter,
1367 237 1423 281 aut
1447 232 1602 266 diaconus
1623 243 1640 266 a
1660 243 1719 267 suo
1739 233 1904 278 episcopo,
1922 253 1970 274 spon
1987 247 2107 274 nunquan-

1164 286 1233 319 ausi
1263 285 1384 319 fuerint
1407 286 1530 329 aliquid
1552 287 1591 319 de
1611 286 1792 321 ministerio
1813 298 1908 321 sacro
1923 275 1960 299 ‘³³'

1164 339 1370 382 contingere,
1395 339 1461 373 sive
1479 340 1651 384 episcopus
1671 340 1758 374 iuxta
1777 352 1909 384 praece-

1164 394 1294 426 dentem
1320 393 1612 435 consuetudinem,
1637 393 1702 427 sive
1726 394 1906 439 presbyter,

1163 452 1219 480 aut
1243 446 1419 487 diaconus3
1451 447 1541 480 nullo
1566 447 1664 481 modo
1682 447 1777 481 liceat
1801 447 1829 481 ei
1849 458 1910 482 nec

1164 500 1196 532 in
1221 500 1284 533 alia
1304 501 1428 545 synodo
1449 500 1662 534 restitutionis
1682 511 1773 545 spem
1791 507 1846 534 aut
1862 501 1910 535 lo-

1163 564 1237 586 cum
1269 553 1392 587 habere
1425 554 1666 588 satisfactionis.
1690 554 1753 588 Sed
1770 560 1801 588 et
1820 565 1908 588 com-

1163 607 1367 640 municantes
1388 607 1416 640 ei
1438 617 1551 640 omnes
1571 607 1666 640 abiici
1693 607 1904 649 de-Ecclesia,
1948 617 2035 647 tusique
2049 623 2108 640 com-

1162 661 1302 694 maxime
1326 661 1367 702 si,
1402 666 1615 705 posteaquam
1642 660 1829 694 didicerunt
1852 662 1908 695 ad·
1921 645 2108 701 ffifflssiss¹⁰⁵abffi

1162 725 1290 748 versum
1316 720 1514 748 memoratos
1531 714 1691 758 prolatam
1718 714 1815 748 fuisse
1835 725 1909 749 sen·
1922 698 2000 719 mem

1162 769 1309 810 tentiam,
1330 768 1376 802 cis
1393 768 1635 802 communicare
1653 769 1859 803 tentaverint.

1204 823 1248 856 Ex
1261 822 1449 857 Canonibus
1462 822 1703 866 suprascriptis,
1713 822 1856 867 capitulo
1867 833 1908 858 xv

1161 876 1201 910 de
1226 876 1388 920 episcopis
1406 876 1445 909 ab
1467 876 1613 909 eiusdem
1633 875 1820 920 provinciae
1840 877 1908 921 epi-

1159 930 1265 975 scopis
1279 935 1498 964 consonanter
1512 929 1665 963 exclusis:
1686 929 1739 964 «Si
1753 930 1824 974 quis
1838 930 1908 975 epi-

1159 984 1300 1028 scopus⁴
1321 984 1360 1017 de
1392 983 1488 1017 certis
1520 982 1710 1017 criminibus
1737 990 1906 1018 aecusatus
1958 992 2106 1040 Episcopum

1160 1039 1399 1072 condemnatur
1412 1038 1451 1071 ab
1469 1036 1621 1071 omnibus
1641 1037 1801 1082 episcopis
1821 1038 1906 1072 eius·
1920 1024 2107 1076 ssg‘gffifflssssys:

1921 1072 1993 1099 fragiis
2019 1073 2106 1093 damna-

1160 1092 1233 1125 dem
1262 1091 1450 1135 provinciae
1464 1118 1472 1132 ,
1496 1091 1669 1134 cunctique
1689 1097 1908 1125 consonanter
1920 1099 2106 1147 ggg²g¹s²t¹⁰⁸gffss

1160 1145 1309 1178 eamdem
1324 1150 1438 1178 contra
1452 1155 1524 1178 eum
1540 1144 1676 1177 formam
1696 1144 1818 1178 decreti
1831 1155 1908 1189 pro·
1921 1158 1944 1174 re
1958 1131 2054 1180 'Sequtt'flp
2099 1137 2107 1142 “

1161 1198 1311 1239 tulerint,
1335 1199 1423 1232 hune
1442 1197 1528 1242 apud
1547 1197 1628 1230 alios
1640 1198 1731 1231 nullo
1745 1199 1844 1233 modo
1856 1199 1908 1233 iu-

1161 1252 1275 1293 dicari,
1291 1252 1348 1286 sed
1360 1251 1489 1285 firmam
1501 1250 1770 1285 concordantium
1784 1252 1909 1297 episeo-

1160 1316 1277 1351 porum
1299 1305 1485 1351 provinciae
1506 1314 1639 1339 manere
1666 1305 1859 1340 sententiam
1873 1319 1904 1342 ι).

1401 1479 1587 1513 EPISTOLA
1608 1479 1632 1513 V
1649 1480 1670 1514 ⁵.

1160 1578 1279 1619 Monet,
1304 1578 1392 1622 quod
1413 1579 1652 1613 Contunzetioso
1678 1580 1719 1613 ab
1743 1580 1908 1623 episcopa-

1206 1636 1257 1664 tus
1283 1631 1404 1665 honore
1425 1631 1546 1664 deiecto
1570 1632 1724 1666 visitator
1743 1642 1805 1676 per
1830 1633 1908 1667 Cae-

1203 1684 1334 1717 sarium
1368 1684 1595 1718 Arelatensem
1629 1685 1815 1729 episcopum
1843 1685 1907 1718 erit

1204 1737 1464 1780 substituendus,
1487 1738 1542 1771 cui
1557 1739 1594 1772 in
1612 1738 1765 1772 omnibus
1785 1738 1907 1772 obtem-

1200 1791 1389 1835 perandum
1409 1791 1564 1834 decernit,
1587 1803 1671 1836 quae
1684 1791 1726 1825 ad
1735 1802 1830 1826 sacra
1850 1802 1908 1837 pe-

1203 1845 1353 1889 raqenda
1375 1846 1535 1889 mysteria
1551 1846 1729 1890 pertinent.

1158 1935 1286 1963 loannes
1306 1936 1505 1971 preshyteris,
1531 1936 1720 1971 diaconibus,
1741 1938 1773 1964 et
1796 1938 1906 1980 cuncto

1194 1989 1274 2017 clero
1289 1988 1458 2024 Ecclesiae,
1475 1989 1507 2017 in
1523 1996 1581 2023 qua
1596 1989 1652 2017 fuit
1666 1989 1905 2018 contumeliosus

1194 2042 1358 2077 Episcopus
1373 2047 1396 2071 6.

1935 2125 2104 2147 Contumeliosus

1919 2151 1945 2173 ab
1973 2152 2104 2179 Episcopatu

1918 2181 2022 2202 remotus.

1203 2115 1353 2149 Pervenit
1373 2117 1413 2150 ad
1438 2126 1498 2151 nos
1522 2127 1540 2150 a
1564 2116 1717 2150 fratribus
1738 2122 1770 2150 et
1789 2115 1903 2160 coepi-

1157 2168 1264 2214 scopis
1286 2169 1405 2204 nostris
1431 2169 1528 2204 missa
1552 2169 1680 2212 relatio,
1703 2169 1760 2203 ubi
1780 2169 1901 2204 Contu-

1158 2286 1264 2313 terium
1279 2287 1497 2320 perpetraverit
1515 2286 1642 2322 amplius
1663 2287 1738 2321 pelli
1761 2286 1852 2321 debet,
1877 2288 1904 2314 et

1156 2330 1196 2357 ad
1207 2330 1419 2365 poenitenciam
1434 2331 1532 2366 rediyi
1545 2340 1568 2359 υ.

1192 2374 1208 2401 3
1224 2375 1300 2402 Grat.
1317 2383 1392 2402 caus.
1409 2381 1446 2410 xt,
1463 2384 1491 2410 q.
1506 2382 1545 2410 ln,
1562 2384 1586 2403 c.
1603 2376 1629 2404 6.

1191 2419 1209 2446 4
1223 2419 1296 2447 Grat.
1315 2427 1391 2447 cauS.
1406 2427 1443 2454 Vt,
1461 2429 1487 2456 q.
1505 2427 1541 2454 iv,
1559 2429 1582 2447 c.
1600 2421 1627 2447 5.

1191 2464 1208 2491 5
1227 2463 1266 2490 Ex
1285 2463 1370 2491 Labh.
1389 2464 1499 2491 Concil.
1517 2465 1630 2493 Collect.
1648 2468 1711 2492 tom.
1727 2471 1754 2500 v,
1770 2464 1822 2493 col.
1838 2464 1902 2499 900,

1157 2511 1184 2535 et
1198 2508 1297 2536 Baron.
1314 2517 1378 2535 ann.
1395 2509 1447 2536 534
1462 2518 1490 2536 n.
1507 2516 1582 2537 xmx.

1192 2553 1208 2581 6
1223 2553 1342 2582 Maurin.
1359 2553 1463 2582 Concu.
1483 2555 1557 2583 Gall.
1575 2557 1639 2582 tom.
1657 2562 1676 2588 1,
1692 2554 1744 2582 col.
1761 2553 1824 2587 973,
1838 2553 1903 2581 huic

1159 2597 1198 2625 tit.
1222 2598 1414 2634 praemittunt:
1443 2599 1512 2627 «Act
1532 2599 1679 2628 universos
1698 2599 1814 2628 clericos
1828 2598 1904 2626 Rhe-
