2244 3183
277 1248 349 1267 Aeacii
365 1247 425 1267 silen-

242 1275 292 1295 tium
309 1280 375 1300 quai-e
395 1279 426 1294 re-

243 1301 425 1327 prrlienilenilnni,

437 281 635 324 tiplicatione
663 280 765 313 fidelis
798 290 907 313 servus
927 279 1126 318 ostendaris,
1154 280 1179 312 si

436 344 499 366 non
533 339 654 367 tantum
681 334 711 365 in
738 333 897 373 Ecclesia,
922 333 972 366 cui
994 333 1176 377 praesides,

435 388 489 419 sed
512 387 707 430 ubicumque
728 386 884 430 potueris,
908 397 966 430 pro
986 387 1108 419 unitate
1130 397 1181 419 ca-

437 439 554 472 tholiea
575 446 603 471 et
626 450 684 483 pro
696 440 838 483 paternis
849 440 1094 473 definitionibus
1107 451 1180 473 sua-

437 494 513 525 dere
535 504 599 526 non
621 505 748 527 renuas.

481 547 557 579 Data
584 547 690 579 idibus
710 547 818 583 Iuliis,
842 548 994 581 Severino
1013 548 1082 580 viro
1110 548 1177 579 cla-

439 600 565 632 rissimo
591 601 734 634 consule.

475 653 532 680 Dat.
555 654 598 679 ‹tie
615 655 647 680 r15
664 654 732 688 iulii,
749 663 792 681 an.
812 655 872 681 48⁴2.

653 798 834 831 EPISTOLA
863 798 927 830 XVI
944 797 961 830 ¹.

440 868 646 901 (Jbsti'mzmm
669 870 785 902 Aeacii
805 870 976 902 silentium
993 870 1112 901 {terimi
1127 879 1182 901 ur-

482 924 577 955 ῃρπε,
606 914 635 945 ei
659 914 808 951 mmmm,
835 919 871 946 ul
891 915 1120 957 imperatorem
1140 913 1183 945 ad

481 968 593 1000 pacem
623 958 872 991 Aletcandrinae
899 959 1059 992 Ecclesiae
1089 959 1182 991 resti·-

485 1002 638 1035 Ietemlam
657 1004 787 1035 enimus
808 1003 968 1046 impellat.

492 1074 692 1101 Dilectissimo
713 1074 800 1101 fratri
820 1075 926 1102 Acacio
947 1075 1130 1110 Simplicius.

484 1135 720 1177 Cogitationum
737 1135 830 1167 serias
845 1146 908 1168 non
923 1136 1079 1168 habemus
1090 1136 1183 1172 ‘³21iec

442 1188 525 1220 enim
560 1188 726 1231 quiescere
760 1199 817 1221 nos
849 1200 944 1221 causa
965 1189 976 1204 ³
1006 1189 1181 1232 permittit,

441 1252 537 1284 quam
556 1242 580 1274 si
599 1242 832 1285 relinquamus,
854 1243 939 1286 apud
952 1242 1111 1275 Christum
1125 1244 1186 1275 Do-

445 1295 567 1328 minum
590 1302 748 1333 nostrum,
776 1296 866 1329 cuius
887 1296 1030 1336 interest,
1055 1307 1185 1329 excusa-

444 1348 524 1381 biles
542 1349 551 1364 ⁴
573 1360 694 1382 sumus.
720 1350 756 1382 Et
781 1349 898 1382 mirum
918 1356 963 1382 est
981 1349 1185 1383 dilectionem

448 1408 533 1434 tuam
558 1407 599 1434 tot
623 1402 760 1435 emensis
780 1403 991 1446 tenuioribus,
1015 1409 1046 1436 et
1062 1409 1108 1436 tot
1129 1414 1186 1447 op-

446 1456 697 1498 portunitatibus
719 1456 793 1489 inde
813 1457 1031 1497 venientibus,
1060 1457 1103 1489 nil
1129 1467 1188 1489 nos

446 1509 485 1540 de
505 1509 722 1542 Alexandrina
742 1510 893 1547 Ecclesia,
918 1521 1000 1554 quae
1024 1516 1088 1543 tam
1109 1521 1184 1553 gra-

445 1562 524 1595 viter
537 1563 690 1605 quatitur,
705 1563 861 1596 instruere
874 1564 1023 1601 voluissea
1034 1575 1106 1597 cum
1120 1574 1188 1596 mo-

444 1626 520 1648 nere
544 1621 572 1648 te
593 1627 651 1649 nec
674 1617 851 1661 increpatio
882 1623 991 1650 nostra
1015 1618 1183 1655 destiterit,

445 1674 479 1701 ut
497 1670 685 1713 participata
705 1671 932 1710 sollieitudine,
958 1671 1080 1704 litteras
1101 1682 1188 1704 meas

446 1795 493 1855 ψ]
512 1794 548 1820 Ex
565 1794 649 1822 Caras.
669 1795 759 1830 Epist.
779 1795 859 1822 Rom.
877 1796 986 1830 Pontis.
1006 1800 1069 1823 tom.
1088 1804 1107 1830 1,
1124 1805 1186 1832 pag.

445 1847 450 1855 ι
464 1840 506 1856 ..3.

479 1875 496 1901 2
515 1887 525 1899 «
543 1875 642 1902 Eodem
671 1885 753 1904 sensu
773 1877 859 1903 Sixtus
886 1877 923 1903 ΙΙΙ
941 1884 984 1911 ep.
1000 1883 1036 1909 vt,
1054 1885 1080 1903 11.
1097 1877 1122 1908 6,
1140 1877 1186 1910 ait,

443 1924 472 1941 se
491 1917 701 1950 coyz'tatz'onum
721 1918 812 1952 sericis
829 1918 947 1949 nescire,
959 1917 985 1944 h.
1003 1926 1028 1944 e.
1043 1921 1144 1952 mente,
1162 1922 1189 1945 et

445 1956 534 1983 animo
550 1957 621 1983 nulla
637 1957 836 1984 intermissione
852 1957 946 1992 agitari
964 1968 986 1984 ».
1004 1958 1080 1984 Cont.
1096 1957 1184 1984 Const.

445 1995 495 2022 loc.
514 1996 560 2023 cit.

480 2041 495 2065 3
511 2040 574 2067 Cod.
592 2042 652 2068 Vat.
670 2042 739 2070 5845
753 2050 840 2069 causa
854 2043 918 2076 (ipsa
933 2042 1082 2076 permittit.

480 2085 495 2110 li
511 2085 549 2112 Al.
568 2085 633 2112 edit.
650 2095 710 2112 cum
726 2087 785 2113 cod.
806 2088 866 2113 Yat.
886 2087 953 2113 1:340
968 2086 1184 2114 inea-casalinos.

444 2125 553 2159 Optime
572 2127 693 2161 quidem.

478 2170 494 2196 5
510 2170 572 2197 Cod⁴
591 2171 647 2198 Vat.
667 2172 736 2198 1340
750 2171 835 2198 omitt.
847 2171 1113 2199 clementissimum.

479 2217 495 2242 o·
510 2226 520 2237 α
536 2216 616 2243 Sicut
630 2226 653 2242 12.
671 2218 748 2243 Cont.
762 2217 852 2244 Const.
870 2216 886 2243 l.
906 2225 928 2243 c.
945 2216 1053 2243 Rectius
1070 2216 1184 2243 videtur.

479 2260 492 2285 7
516 2260 581 2286 (jod.
612 2261 667 2286 X'at.
699 2260 766 2286 134⁴]
796 2261 983 2295 perditionis,
1005 2261 1048 2287 cui
1074 2265 1100 2287 et
1120 2270 1183 2287 mss.

444 2299 615 2326 Atrebatens.
634 2300 783 2332 consentin,
801 2305 827 2327 et
847 2301 955 2336 quidem
971 2305 1045 2328 recte

478 2345 493 2368 8
510 2344 646 2373 Quesncll.
663 2348 756 2371 contra
771 2353 814 2371 nn.
843 2344 922 2372 codd.
939 2345 1125 2372 auctoritatem
1142 2353 1185 2372 re—

444 2383 542 2418 linquit
564 2388 638 2410 tuae.
660 2384 728 2411 Sane
749 2393 902 2420 perperam.

478 2430 494 2453 9
514 2440 526 2454 ι(
541 2429 579 2455 Ita
596 2429 671 2456 Rom.
689 2429 766 2460 editi,
783 2434 809 2456 et
824 2430 925 2457 Concil.
948 2430 1058 2457 Collect.
1077 2431 1188 2457 Praefe-

444 2469 527 2496 rimus
550 2473 638 2495 autem
663 2478 722 2496 cum
747 2479 809 2496 mss.
829 2474 1012 2504 provectus...
1031 2471 1185 2503 inclinetur,

443 2509 544 2536 scilicet
564 2510 735 2544 manifestus
759 2510 811 2544 flat
830 2522 850 2537 n.

443 2548 475 2575 Et
489 2557 553 2575 sane
570 2549 668 2575 rectius
687 2549 801 2576 videtur.

478 2592 513 2619 40
529 2594 587 2620 Vat.
604 2593 680 2620 codd.
702 2594 765 2620 1342
786 2597 812 2621 et
836 2594 900 2621 1345
915 2602 1001 2622 nouo.

483 2640 507 2665 tl
533 2651 544 2663 κ
561 2639 671 2666 Dii-pm>
685 2650 706 2665 u.
725 2640 786 2666 (1011.
807 2640 863 2665 Vat.
881 2640 958 2666 11840.

878 2511 982 2537 Contin.
1004 2512 1095 2538 Const.
1124 2511 1140 2536 l.
1162 2519 1184 2536 r.
1202 2537 1204 2545 ,

976 232 1128 256 APPENDIX
1149 231 1292 255 BULLAml
1313 231 1430 255 ROMAM

1214 280 1297 323 apud
1311 279 1609 314 christianissimum
1621 284 1651 313 et
1661 279 1959 313 clementissimum⁵

1215 333 1395 377 principem
1424 333 1649 377 praesentibus
1680 339 1752 367 tuae
1779 333 1959 367 dilectionis

1214 387 1455 430 prosequereris
1481 386 1642 430 alloquiis,
1666 392 1697 419 et
1717 386 1853 420 instituti
1875 393 1959 420 vete-

1215 439 1258 472 ris
1276 451 1401 473 memor
1418 440 1447 472 in
1463 440 1717 473 orthodoxorum
1739 440 1957 474 defensionem

1215 493 1383 525 nobiscum
1409 492 1453 525 sie
1474 493 1485 509 ²³
1510 503 1638 537 semper
1668 493 1890 533 incumberes,
1918 504 1959 526 ne

1215 546 1385 589 quisquam
1412 551 1576 587 nostrum,
1601 546 1774 580 christiana
1790 546 1885 590 plebe
1902 557 1959 590 pe-

1217 605 1343 639 reunte,
1366 605 1490 633 reatum
1512 600 1685 633 deditionis
1708 600 1717 616 ⁷
1746 600 1900 640 incurrat,
1929 606 1960 633 et

1216 653 1435 686 mercenarius
1463 653 1569 697 potius
1599 654 1746 686 videatur
1769 664 1837 687 esse
1862 664 1958 697 quam

1215 711 1336 748 pastor.
1349 706 1438 739 Unde
1452 706 1622 740 hortamur
1635 707 1840 741 dilectionem
1857 713 1955 748 tuam,

1215 764 1250 791 ut
1268 765 1450 803 opportune
1469 766 1565 804 atque
1587 761 1771 804 importune
1792 761 1853 805 piis
1866 761 1956 794 auri-

1216 811 1275 844 bus
1296 812 1458 845 insinuare
1476 823 1539 846 non
1562 813 1698 855 desinat,
1719 819 1877 857 quatenus
1902 824 1956 847 re-

1216 864 1312 897 motis
1336 866 1510 905 scandalis,
1542 877 1624 909 quae
1650 867 1681 898 in
1710 866 1958 900 Alexandrinam

1216 918 1387 951 Ecclesiam
1404 919 1551 952 recidivis
1564 920 1695 953 ausibus
1710 920 1883 959 irruerunt,
1900 931 1959 964 pax

1217 977 1325 1015 optata
1358 973 1527 1012 reddatur,
1560 979 1590 1005 et
1610 973 1758 1006 celeriter
1776 974 1960 1014 vigilantiae

1218 1029 1291 1057 tuae
1305 1025 1315 1041 ⁸
1332 1027 1493 1068 profectus
1509 1053 1514 1063 .
1543 1026 1734 1069 posthabitis
1755 1027 1957 1060 difficultati-

1219 1077 1288 1117 bus,
1310 1078 1514 1111 inductum-⁹.

1262 1131 1338 1164 Data
1350 1137 1461 1165 octavo
1475 1131 1496 1147 ¹⁰
1509 1132 1579 1165 idus
1593 1133 1793 1172 Novembris,
1810 1133 1962 1166 Severino

1219 1185 1362 1217 consule.

1307 1247 1462 1281 Directa¹¹
1485 1259 1543 1291 per
1563 1249 1778 1283 Rusriru’rrivi.

1257 1310 1316 1336 Dat.
1330 1310 1373 1337 (lie
1385 1311 1554 1344 Novembris,
1572 1320 1616 1338 an.
1634 1312 1696 1339 482.

1422 1472 1603 1506 EPISTULA
1630 1473 1706 1506 XVII
1722 1472 1753 1506 ¹².

1221 1553 1458 1587 Antiochenam
1488 1555 1665 1587 Ecclesiam
1692 1554 1864 1598 deplorans
1889 1555 1964 1588 dira

1265 1607 1357 1639 Petri
1371 1607 1522 1640 Fecllom's
1539 1608 1707 1650 impietate
1726 1612 1886 1649 resculam,
1904 1609 1964 1641 liu-

1265 1661 1316 1692 sus
1343 1661 1501 1694 haeresim
1530 1661 1672 1704 refellit:
1701 1666 1769 1694 tum
1797 1661 1964 1695 ostendens

1259 1794 1290 1821 1⁶2
1312 1794 1347 1821 Ex
1368 1795 1451 1821 Mansi
1474 1795 1583 1822 Conei'l.
1600 1796 1715 1823 Collect.
1742 1800 1804 1823 tom.
1827 1802 1881 1829 vit,
1903 1804 1964 1831 pag.

1224 1840 1299 1867 1037.
1318 1840 1388 1867 llaec
1403 1849 1445 1876 ep.
1465 1840 1601 1867 nonnullis
1625 1841 1679 1868 visa
1702 1845 1744 1867 est
1765 1840 1810 1867 illa
1825 1840 1962 1876 synodica,

1222 1892 1269 1919 per
1286 1893 1365 1920 quam
1383 1884 1478 1911 Petrus
1494 1885 1568 1912 Fullo
1584 1885 1611 1912 in
1627 1886 1713 1920 prima
1727 1885 1832 1912 actione
1847 1885 1880 1912 ad
1896 1885 1964 1912 resi-

1221 1929 1378 1964 piscendum
1393 1930 1510 1956 monitus
1530 1929 1589 1956 fuit.
1610 1930 1710 1957 Verum
1726 1929 1759 1956 de
1779 1929 1830 1957 hac
1850 1933 1877 1957 et
1896 1930 1966 1956 binis

1221 1981 1296 2009 seqq.
1322 1973 1442 2009 epistolis
1466 1974 1552 2001 critici
1584 1975 1611 2001 in
1640 1974 1788 2002 contrarias
1818 1974 1966 2002 sententias

1220 2018 1388 2045 scinduntur.
1412 2019 1526 2050 Quidam
1553 2019 1624 2045 enim
1637 2040 1644 2053 ‚
1667 2019 1738 2046 inter
1757 2027 1824 2055 quos
1843 2019 1967 2046 Valesius

1220 2062 1267 2089 lib.
1287 2071 1293 2089 1
1314 2062 1426 2089 Observ.
1444 2062 1516 2089 Sacr.
1527 2062 1560 2090 ad
1572 2062 1716 2098 Evagrium
1727 2071 1772 2090 eas
1783 2062 1967 2098 supposititias

1220 2110 1378 2141 autumant3
1395 2106 1528 2141 nonnulli,
1547 2106 1627 2134 veluti
1643 2106 1741 2141 Pagius
1760 2106 1792 2133 ad
1813 2114 1875 2133 ann.
1901 2106 1963 2134 Clir.

1219 2151 1281 2184 478,
1295 2160 1320 2178 11.
1337 2152 1353 2178 9
1369 2155 1396 2178 et
1407 2160 1496 2187 seqq,
1509 2155 1535 2178 et
1545 2151 1578 2179 ad
1590 2160 1653 2178 ann.
1665 2151 1727 2185 485,
1738 2160 1764 2178 n.
1778 2151 1822 2185 23,
1834 2151 1966 2186 genuinas

1221 2195 1384 2229 existimant,
1414 2205 1459 2223 eas
1484 2196 1528 2223 alii
1552 2196 1688 2232 Simplicio
1710 2196 1856 2223 vindicant.
1887 2196 1965 2223 Ceut.

1221 2241 1310 2267 Const.
1328 2244 1352 2267 et
1369 2241 1435 2267 Jass'e
1455 2240 1525 2267 iuter
1544 2240 1713 2277 apocryphas
1733 2241 1828 2268 Felicis
1851 2241 1887 2268 ΙΙΙ
1907 2240 1967 2267 illas

1220 2289 1371 2317 recensent,
1393 2286 1461 2312 forte
1483 2285 1544 2321 quia
1565 2285 1639 2312 dubii
1656 2285 1769 2312 haerent
1789 2290 1879 2312 utrum
1894 2284 1964 2311 Sim-

1221 2329 1310 2364 plicio,
1334 2329 1372 2356 vel
1389 2329 1469 2356 Felici
1495 2330 1547 2356 sint
1568 2329 1737 2357 tribuendae.
1764 2329 1845 2357 Nobis
1864 2333 1965 2362 autem,

1220 2373 1265 2409 qui
1281 2373 1458 2409 appendicem
1474 2378 1593 2401 nostram
1607 2374 1739 2401 Mainardi
1753 2374 1829 2409 operi
1844 2373 1965 2401 adnecti-

1220 2426 1288 2451 mus,
1313 2418 1356 2445 diu
1383 2418 1573 2454 ambigendum
1599 2427 1651 2445 non
1668 2423 1780 2454 estque
1805 2417 1963 2445 reseramus.

1222 2462 1268 2489 llic
1288 2463 1359 2490 enim
1376 2472 1459 2499 quum
1480 2463 1641 2491 sententiam
1657 2463 1683 2490 in
1698 2463 1807 2491 Petrum
1827 2462 1965 2490 Fullonem

1221 2507 1335 2534 edictam
1351 2508 1487 2543 Simplicio
1507 2507 1579 2534 iuxta
1595 2508 1715 2535 criticam
1731 2506 1904 2534 Harenianam
1921 2515 1966 2533 re-

1202 2568 1204 2581 2
1221 2552 1322 2585 stituat,
1341 2560 1510 2587 consequens
1526 2560 1606 2587 porro
1622 2555 1671 2586 est,
1684 2554 1713 2578 ut
1727 2551 1777 2578 liae
1792 2559 1899 2587 quoque
1921 2551 1965 2578 lit-

1221 2600 1294 2622 terae
1305 2596 1391 2623 eidem
1404 2596 1563 2631 reddantur,
1576 2596 1708 2632 siquidem
1720 2596 1792 2632 prior
1802 2595 1963 2623 sententiam

1203 2661 1204 2666 ,
1222 2641 1366 2675 pravi-edit,
1388 2641 1471 2667 altera
1492 2649 1550 2667 eam
1571 2641 1724 2676 imperatori
1744 2640 1892 2667 denuntiat.

1989 230 2042 258 An.
2058 231 2088 259 C.
2105 230 2156 260 482
2206 231 2207 236 ’
2237 233 2238 240 ’

1987 826 2017 847 Ab
2029 825 2159 852 imperatore
2207 829 2211 833 ’

1974 852 2056 873 Eccles.
2069 856 2111 878 pax
2121 855 2159 876 pro

1975 879 2054 900 virinus
2086 877 2160 903 implo-

1976 907 2051 929 randa.
