2244 3183
219 216 268 243 An.
290 216 318 242 C.
336 215 388 243 489

246 920 296 939 Sine
308 918 329 938 Λ.
340 917 360 937 S.
370 923 401 937 n<-

219 952 279 966 sansu
298 952 338 965 non
353 944 403 967 teat-

219 977 267 993 tnna
290 972 345 992 Petri
365 971 402 991 ah·

219 1000 303 1020 solnta-J,

254 1505 347 1525 [lautae
365 1510 402 1530 pro

220 1532 267 1552 [idei
283 1533 363 1551 unllait'
374 1532 403 1551 la-

220 1559 343 1578 horandum.

451 205 514 241 256

946 214 1108 239 APPENDtx
1126 213 1278 239 BULLARH
1298 213 1419 240 ROMAN!

1969 214 2019 242 An.
2040 214 2068 242 C.
2084 214 2135 243 ⁴89

416 275 468 298 sus
489 264 663 298 aedificans
677 291 684 300 ,
711 263 799 307 quod
822 263 904 297 bene
925 269 998 296 ante
1019 263 1086 307 ipse
1107 263 1161 296 de·
1197 268 1258 304 tur,
1282 263 1442 297 exhortor.
1461 261 1601 305 Cogitate
1621 262 1716 296 simul
1737 272 1859 304 omnes,
1880 263 1934 307 qui

416 324 592 359 struxerat,
621 318 798 351 secundum
825 318 1007 361 apostolum
1030 327 1161 361 praeva-

417 370 738 414 1·icatorapparuit¹‘?
771 370 911 414 Ideoque
933 370 1018 403 iuxta
1038 370 1161 414 praesa-

418 432 465 457 tae
476 425 589 469 synodi
607 424 769 457 tramitem
786 424 979 457 meritoillie
989 424 1160 457 damnatae

417 478 571 521 perfidiae
589 489 699 522 parem
711 478 816 511 cuncti
831 478 959 511 subiere
972 477 1157 517 vindictam,

417 532 470 574 qui
483 531 577 564 huius
589 532 772 564 maluerunt
781 542 848 564 esse
861 531 1043 575 participes;
1053 541 1162 574 quem-

417 587 592 619 admodum
618 592 731 619 contra
760 595 1024 629 unamquamque
1050 585 1161 617 haere-

417 639 475 672 sim
512 639 652 683 synodus
684 639 858 672 constituta
894 643 1027 671 cunctos
1065 637 1159 669 etiam

417 693 559 725 deiectae
579 692 699 725 similes
719 691 884 736 pravitatis
904 690 1094 731 adstringit,
1122 700 1161 723 ne

420 745 448 778 in
471 745 713 778 successoribus
733 744 866 777 omnino
880 743 1096 788 reparandum
1112 753 1160 776 es-

418 804 476 839 set,
500 799 587 842 quod
606 798 636 831 in
659 798 844 832 auctoribus
865 798 945 830 iuste
965 801 1163 830 monstratur

419 862 487 885 esse
514 858 722 895 prostratum.
756 851 882 884 Absolvi
911 856 1017 883 autem
1050 850 1162 882 Petrus

418 905 506 937 nulla
526 904 651 938 ratione
672 904 776 948 potuit
794 904 863 937 sine
883 903 1086 948 Apostolicae
1106 903 1161 936 Se-

419 958 467 991 dis
487 968 630 999 assensu,
659 968 721 1002 qua
742 959 845 990 suerat
866 957 1039 990 mandante
1059 957 1162 989 seelu-

417 1022 481 1049 sus‚
515 1011 596 1045 sicut
622 1011 660 1043 de
690 1011 883 1055 recipiendis
916 1011 1032 1043 talibus
1057 1010 1161 1043 forma

417 1071 560 1098 veterum
590 1070 724 1098 testatur
754 1064 943 1098 antistitum.
978 1064 1037 1103 Qui
1064 1064 1160 1097 ctiam

418 1118 550 1158 Petrus,
575 1118 598 1150 si
621 1118 659 1151 de
681 1117 825 1160 legitima
853 1117 964 1150 suisset
991 1117 1160 1150 curatione

417 1177 563 1211 sanatus,
591 1172 631 1205 ad
661 1171 894 1213 indulgentiam
922 1171 1039 1215 suscipi
1058 1171 1158 1204 debe-

418 1231 477 1265 ret,
494 1235 560 1258 non
581 1225 621 1258 ad
642 1224 815 1258 sacerdotii
841 1224 1044 1267 dignitatem,
1072 1224 1125 1267 qui
1144 1235 1161 1257 a

418 1278 578 1311 damnatis
603 1283 698 1322 atque
723 1277 893 1310 haereticis
918 1277 1083 1310 institutus
1111 1288 1162 1310 ca-

418 1331 545 1364 tholicis
555 1331 704 1375 plebibus
716 1331 805 1364 nulla
814 1336 921 1375 posset
930 1331 1056 1364 ratione
1069 1341 1162 1374 prae-

418 1384 505 1428 poni.
527 1383 718 1428 Perspexisti
740 1390 770 1418 et
790 1384 857 1428 ipse
882 1384 1051 1417 nobiscum
1078 1384 1163 1417 salu-

419 1437 500 1470 taria
520 1448 587 1471 esse
615 1448 698 1481 quae
730 1437 878 1471 dicimus.
902 1438 992 1471 Unde
1013 1438 1108 1471 etiam
1130 1438 1161 1471 in

419 1491 481 1524 tuis
502 1491 631 1532 litteris,
659 1502 732 1525 cum
758 1492 797 1525 de
818 1492 902 1525 beati
923 1492 1007 1526 Petri
1029 1492 1092 1526 fide
1110 1493 1160 1526 lo-

419 1544 538 1588 queris,
566 1545 653 1588 quod
674 1555 745 1577 cum
768 1550 833 1578 tota
853 1545 1068 1587 gratulatione
1086 1546 1164 1588 legi-

421 1609 501 1639 mus,
516 1598 674 1631 catholica
685 1604 790 1632 mente
804 1599 956 1642 posuisti:
975 1600 1164 1643 thuieum

419 1663 463 1693 eo,
473 1653 557 1685 sicut
566 1663 619 1684 vos
627 1652 773 1693 (nectunt,
784 1663 924 1685 consona
935 1663 1006 1686 voce
1015 1654 1163 1697 (alorian-

421 1709 464 1737 tes
483 1705 630 1748 dispersa
653 1705 804 1748 colliqere
827 1705 1004 1739 valeamus.
1037 1706 1163 1746 Quaero

421 1758 519 1800 igitur
539 1769 699 1802 quaenam
726 1759 778 1791 illa
803 1760 877 1799 sint,
902 1759 949 1792 vel
967 1770 1031 1803 qua
1055 1770 1162 1793 rerum

420 1812 663 1855 perturbatione
696 1812 850 1856 dispersa.
883 1813 947 1846 Nec
982 1813 1044 1846 alia
1078 1824 1164 1847 nune

419 1875 552 1909 prorsus
584 1871 774 1905 occurrunt,
802 1865 863 1898 nisi
884 1876 966 1909 quae
986 1877 1044 1910 per
1063 1867 1161 1911 Euty-

421 1918 555 1951 chianae
583 1918 681 1962 pestis
702 1918 846 1951 eiusdem
874 1919 1060 1962 sequacium
1090 1925 1162 1952 sunt

421 1972 600 2014 excogitata
612 1972 786 2005 vesaniam.
799 1972 932 2006 Dilectio
941 1983 1016 2006 vero
1025 1978 1077 2006 tua
1089 1983 1165 2016 ope-

420 2035 489 2058 ram
503 2025 556 2058 det
568 2024 750 2066 nobiscum,
771 2030 929 2069 quatenus
945 2026 1048 2070 possis
1068 2036 1161 2070 quae,

422 2084 451 2111 te
472 2088 601 2122 quoque
622 2078 757 2118 fatente,
782 2078 926 2122 dispersa
952 2084 1027 2112 sunt
1046 2079 1164 2122 colligi.

422 2131 505 2165 Voce
522 2137 596 2165 utor
609 2132 761 2176 apostoli:
787 2132 917 2166 Obsecro
929 2144 993 2174 νος,
1015 2133 1165 2167 nilzilme

423 2186 563 2219 laesistis
575 2187 596 2220 ².
617 2187 686 2220 Non
707 2187 768 2220 hoc
788 2188 875 2220 velut
894 2187 1086 2232 imperiosus
1106 2187 1165 2220 im-

423 2250 520 2283 pono,
541 2240 596 2274 sed
618 2246 653 2274 ut
672 2240 903 2274 conscientiam
924 2251 1028 2274 meam
1051 2251 1166 2275 conve-

422 2294 549 2328 nienter
568 2295 754 2339 expediam,
785 2306 825 2328 ne
857 2295 1048 2328 commissae
1077 2295 1165 2329 vohis

423 2347 574 2380 divinitus
594 2348 803 2381 rationabiles
834 2359 908 2382 oves
935 2359 1001 2381 non
1025 2348 1093 2381 sine
1115 2359 1166 2381 ve-

422 2407 488 2434 stro
509 2402 706 2443 discrimine,
730 2403 815 2446 quod
831 2402 923 2439 absit,
940 2402 1045 2446 perire
1058 2402 1166 2436 sinan-

462 2483 469 2508 1
489 2480 573 2508 Galat.
596 2489 627 2515 11,
644 2490 669 2508 v.
686 2481 730 2508 18.

457 2516 474 2543 2
494 2516 579 2543 Galat.
598 2523 633 2549 tv,
651 2526 676 2543 v.
700 2517 741 2544 12.

457 2552 473 2579 3
488 2553 547 2578 Act.
563 2559 582 2587 ι,
598 2561 623 2579 v.
640 2552 685 2579 25.

457 2589 471 2614 4
488 2587 575 2614 Galat.
591 2595 617 2622 v,
635 2596 658 2614 v.
682 2588 724 2621 12,
749 2588 794 2615 ubi
819 2588 895 2624 Vulg.
915 2589 965 2616 ait:
986 2589 1098 2618 Utinam
1116 2589 1166 2616 ab·

422 2623 594 2651 scindantur
610 2624 661 2657 qui
675 2631 720 2651 vos
735 2624 915 2652 conturbant.

1195 316 1341 357 dignitati
1368 316 1519 360 pastorali
1549 316 1738 356 censemini,
1767 327 1827 360 pro
1845 317 1932 350 chri-
1978 329 2135 361 spamam-0

1194 369 1297 402 stiana
1317 369 1391 409 tide,
1413 380 1495 413 quae
1512 374 1587 402 tunc
1599 374 1652 402 'est
1668 369 1793 410 Christi,
1816 370 1842 403 si
1861 381 1937 403 vera
1952 355 2135 412 fiilfgssfflunlss‘t'mssf

1195 428 1252 460 est.
1274 428 1301 456 et
1319 422 1490 456 vivendum
1511 422 1616 461 nobis,
1641 428 1682 464 et,
1699 422 1723 456 si
1744 423 1935 467 oportuerit,
1952 410 2047 431 mmmm
2062 415 2100 432 ²³¹·

1195 482 1416 509 sacrosanctae
1453 476 1620 516 roligionis
1652 487 1763 509 amore
1791 476 1933 510 morien-

1195 529 1283 562 dum.
1297 528 1490 572 Perpendite
1503 529 1708 572 igituripsius
1720 529 1802 562 vitae
1813 540 1940 573 semper

1196 588 1321 626 tempus
1352 582 1510 615 incertum
1527 609 1534 621 ,
1564 593 1604 615 ne
1631 588 1762 626 repente
1790 583 1872 627 rapti
1900 583 1938 616 ad

1196 636 1390 678 cognitionis
1414 635 1500 669 illius
1530 635 1754 669 formidandae
1776 636 1940 669 trahamur

1196 699 1340 722 examen.
1366 689 1456 722 Unde
1475 689 1666 733 propensius
1681 695 1833 734 tanquam
1848 700 1938 733 prae-

1196 748 1318 776 sentem
1345 743 1550 776 dilectionem
1580 749 1665 776 tuam
1689 743 1758 777 iure
1776 743 1939 777 charitatis

1196 796 1403 830 vehementer
1423 796 1666 839 adstringimus,
1689 802 1723 830 ut
1741 803 1860 831 sortem
1885 797 1933 829 in-

1198 849 1411 883 felicisAcacii
1422 850 1683 894 perhorrescens,
1700 850 1754 894 qui
1769 850 1850 884 sicut
1862 850 1937 884 scri-

1196 908 1285 946 ptum
1301 908 1358 943 est,
1382 908 1417 936 ut
1438 903 1497 936 iret
1518 903 1549 936 in
1568 903 1674 936 locum
1696 914 1790 936 suum
1803 904 1824 944 ⁸,
1842 903 1937 937 etiam

1196 956 1288 989 nobis
1302 956 1511 997 conantibus,
1533 967 1597 990 non
1615 963 1662 991 cst
1681 957 1856 1001 permissus
1876 957 1935 990 ab·

1194 1010 1284 1049 solvi,
1302 1021 1366 1054 quo
1387 1011 1471 1044 vales
1492 1016 1603 1045 tenore
1625 1012 1810 1053 contendas,
1827 1017 1863 1045 ut
1880 1021 1935 1044 ca—

1195 1063 1390 1097 tholicorum
1421 1064 1507 1097 illius
1535 1065 1624 1098 urhis
1641 1065 1818 1098 antistitum
1837 1065 1954 1107 magis*

1195 1117 1384 1150 monstreris
1404 1127 1472 1151 esse
1492 1118 1647 1159 imitator,
1664 1124 1691 1151 et
1714 1118 1881 1152 dominum
1903 1117 1939 1150 fi-

1195 1170 1273 1203 lium
1294 1176 1441 1204 nostrum
1470 1171 1738 1212 gloriosissimum
1758 1171 1937 1216 principem

1195 1223 1432 1267 coniugemque
1452 1223 1534 1264 eius,
1560 1224 1711 1257 adiuncta
1739 1230 1846 1258 tecum
1867 1234 1939 1257 mea

1195 1288 1303 1320 prece,
1327 1288 1393 1310 non
1415 1277 1542 1311 desinas
1573 1278 1763 1322 suppliciter
1792 1288 1936 1318 exorare,

1197 1337 1229 1364 ut
1250 1331 1332 1364 sicut
1352 1331 1457 1364 devoti
1478 1331 1638 1365 Ecclesiae
1658 1331 1727 1373 filii,
1749 1337 1780 1365 et
1792 1331 1939 1365 obsecra·-

1197 1384 1299 1418 tiones
1311 1391 1436 1418 nostras
1450 1385 1625 1418 clementer
1638 1384 1818 1425 admittant,
1839 1390 1869 1418 et
1880 1394 1939 1429 pro

1196 1438 1245 1472 sui
1257 1438 1348 1481 regni
1361 1439 1536 1482 salutisque
1548 1444 1723 1483 perpetuae
1737 1437 1848 1482 perfici
1864 1448 1940 1471 con-

1196 1492 1391 1526 sideratione
1412 1492 1597 1526 decernant.
1625 1492 1688 1525 Nec
1708 1491 1826 1525 dilatae
1850 1501 1939 1525 com-

1198 1545 1361 1578 munionis
1376 1561 1378 1564 ·
1391 1545 1587 1589 apostolicae
1614 1550 1668 1578 tua
1689 1551 1838 1578 causetur
1858 1544 1939 1578 dile-

1198 1599 1260 1632 ctio
1292 1599 1486 1632 tarditatem.
1522 1599 1686 1632 Nollemus
1710 1598 1939 1643 qualicumque

1198 1653 1385 1686 difficultate
1413 1652 1577 1696 suspendi,
1609 1652 1670 1685 nisi
1698 1658 1863 1696 respectus
1886 1663 1938 1686 ca-

1199 1706 1335 1739 tholicae
1364 1707 1506 1740 veritatis
1530 1706 1708 1747 obsisteret,
1723 1706 1772 1740 cui
1795 1706 1940 1740 dilectio-

1197 1771 1270 1793 nem
1283 1771 1413 1804 quoque
1428 1766 1512 1793 tuam
1535 1760 1669 1793 summis
1688 1759 1809 1794 viribus
1829 1759 1940 1793 inhae-

1975 971 2092 998 t‘cinntpum
2101 978 2137 993 au-

1953 998 2024 1019 xitiuin
2035 1004 2072 1025 pro
2082 999 2138 1020 acet.

1954 1026 2089 1047 exorandum.

1197 1824 1268 1847 rere
1292 1814 1340 1846 vel
1361 1818 1448 1857 opto,
1472 1814 1520 1845 vel
1541 1823 1669 1847 moneo.
1692 1813 1817 1846 Nomen
1844 1812 1941 1856 igitur
1981 1823 2140 1844 Petrietaea-
2191 1855 2196 1857 -
2227 1825 2229 1828 ·

1954 1850 1981 1871 cii
1988 1850 2072 1871 nomina
2079 1855 2138 1870 uine-

1197 1866 1294 1904 Petri,
1318 1872 1348 1900 et
1365 1866 1472 1900 Aeacii
1488 1866 1772 1907 tollaturemedio;
1789 1877 1848 1900 nec
1861 1876 1940 1910 apo·
1954 1877 1990 1899 dio
2006 1876 2105 1898 nouanda.

1198 1919 1349 1953 crisiariis
1358 1920 1500 1953 damnati
1510 1919 1594 1953 Petri
1605 1920 1810 1960 misceamur,
1821 1924 1876 1952 aut
1887 1919 1939 1952 tit-

1198 1974 1285 2015 teris,
1305 1979 1333 2007 et
1358 1974 1441 2007 sicut
1460 1973 1503 2007 ait
1521 1974 1705 2018 Apostolus:
1729 1972 1937 2007 Abscimlau-

1200 2032 1253 2060 tur
1279 2028 1339 2071 qm?
1357 2038 1414 2061 nos
1434 2028 1663 2061 conturbant&
1685 2028 1882 2071 lterumque,
1906 2032 1941 2060 ut

1198 2081 1266 2125 ipse
1280 2081 1482 2125 pronuntiat,
1503 2081 1693 2125 Elrpursmte
1705 2085 1793 2114 velus
1803 2081 1940 2124 sermen-

1200 2139 1279 2175 ωηο,
1302 2139 1339 2167 vt
1351 2135 1424 2167 sitis
1440 2145 1524 2167 nova>
1542 2135 1722 2179 conspersio
1737 2135 1765 2176 ⁵,
1793 2144 1866 2167 cum
1884 2144 1942 2167 no-

1199 2188 1339 2221 minibus
1359 2188 1571 2232 personisque
1584 2188 1649 2221 suis
1661 2188 1834 2232 praeterita
1847 2197 1942 2221 causa

1199 2241 1358 2275 deleatur:
1374 2241 1496 2281 nohisss,
1513 2242 1577 2275 Deo
1591 2241 1779 2285 inspirante,
1795 2240 1941 2285 provisu-

1199 2295 1242 2327 ris
1267 2294 1519 2336 rationabiliter,
1543 2301 1578 2328 ut
1597 2294 1795 2339 scripsimus,
1819 2294 1844 2327 si
1865 2304 1942 2327 cun-

1200 2354 1250 2382 cta
1275 2348 1496 2389 convenerint,
1515 2354 1552 2382 ut
1572 2359 1684 2382 eorum
1711 2359 1793 2392 quos
1812 2347 1942 2381 ordina-

1199 2401 1253 2441 vit,
1277 2402 1325 2435 vel
1345 2401 1517 2445 baptizavit
1541 2401 1685 2439 Aeacius,
1714 2401 1798 2435 salva
1819 2400 1941 2434 conses-

1235 2481 1251 2508 5
1270 2481 1279 2508 l
1295 2481 1416 2510 Corinth.
1439 2490 1464 2517 v,
1488 2491 1510 2509 v.
1527 2483 1551 2509 7.

1234 2535 1250 2561 (3
1266 2534 1313 2562 llic
1332 2535 1411 2563 nobis
1431 2535 1519 2572 potius
1533 2543 1614 2571 quam
1631 2543 1712 2562 nninn
1734 2539 1872 2570 punctum,
1888 2535 1941 2562 duo

1200 2588 1324 2617 videntur
1344 2588 1531 2624 praeferenda.
