2244 3183
234 213 283 239 An.
300 210 328 238 C.
349 210 401 239 534

268 1490 329 1512 Circa
348 1496 410 1517 qnam

226 1517 336 1547 Iustiniani
346 1523 412 1547 quae-

227 1546 307 1565 stiones
320 1547 411 1570 exponit.

256 2075 336 2099 Quibus
351 2081 411 2102 repo-

228 2108 280 2124 nens
303 2104 412 2125 confirmat

463 200 527 235 496

431 264 537 300 natus,
572 264 603 293 et
626 258 739 303 populi
763 257 913 301 probavit
933 266 1092 297 assensuS,
1115 255 1175 290 sub

431 312 573 357 paginali
585 311 728 355 alloquio
740 311 852 345 vestris
863 311 959 344 etiam
970 310 1117 344 sensibus
1127 310 1175 343 in-

431 366 575 399 timanda
592 364 795 407 dirigerem&
811 364 867 398 sed
881 363 1007 398 consilii
1025 363 1173 397 ordinem

431 419 484 451 illa
508 428 559 451 res
584 417 688 458 vertit,
712 417 788 460 quia
809 422 839 450 et
864 416 1007 459 dogmati
1028 427 1086 460 per
1106 416 1174 450 dies

429 471 574 513 singulos
588 471 714 504 divinae
731 470 912 514 scripturae
925 469 1120 511 subduntur,
1144 476 1175 503 et

430 524 619 568 imperfecta
632 523 786 557 destinari
800 534 865 557 non
878 523 1058 568 poterantffi
1074 528 1105 556 et
1122 533 1170 563 ea,

429 588 511 621 quae
532 587 590 621 per
606 577 728 619 legatos
749 576 871 610 directa
894 582 978 618 sunt,
998 576 1088 620 prius
1107 586 1172 610 non

428 635 578 674 poterant
603 630 635 663 in
660 629 897 674 exemplaribus
921 630 1042 674 scripta
1066 636 1172 664 trans—

429 683 522 716 mitti.
555 682 708 717 Novimus
739 682 858 716 etenim
888 683 995 726 quod,
1034 683 1172 717 Domino

427 737 575 777 docente,
609 741 818 780 praeceptum
844 741 909 777 est,
944 737 1032 780 quod
1062 742 1173 781 pastor

427 789 564 832 diligens
589 800 721 832 gregem
753 789 896 823 salubria
920 790 1006 824 ultro
1026 800 1093 824 non
1110 791 1169 825 de-

426 843 516 876 sistat
540 843 705 886 ingerere3
736 843 814 888 quia
833 853 896 885 res,
919 854 1003 888 quae
1022 844 1062 878 ad
1079 844 1168 878 salu-

427 902 491 930 tem
517 896 644 931 animae
664 896 841 940 pertinet³,
869 897 1021 931 omnibus
1040 908 1171 932 necesse

427 955 474 984 est
486 950 633 984 sensibus
647 950 803 984 intimari.
819 950 971 993 Proinde,
988 951 1130 986 illustres
1141 958 1172 987 et

427 1004 591 1046 magnifici
605 1004 675 1046 filii,
700 1004 776 1048 quia
794 1004 956 1038 festinatio
976 1015 1041 1039 non
1058 1012 1170 1050 pertu-

426 1056 487 1090 lit⁴
506 1057 694 1101 portitores,
717 1063 752 1091 ut
765 1067 803 1091 ea
823 1058 922 1091 scribi
943 1064 974 1092 et
997 1059 1094 1102 dirigi
1113 1070 1171 1103 po-

427 1110 580 1151 tuissent;
614 1110 829 1144 incontinenti
854 1117 981 1152 tamen,
1013 1111 1038 1144 si
1067 1112 1171 1146 dictus

427 1163 554 1197 divinus
579 1164 668 1197 favor
695 1163 861 1205 arriserit,
896 1169 960 1197 tam
993 1165 1167 1208 epistolae,

426 1226 523 1260 quam
536 1216 696 1259 dogmatis
707 1216 905 1260 exemplaria
922 1217 1167 1251 destinabimus.

426 1270 533 1302 Nunc⁵
547 1275 667 1310 tamen,
680 1280 721 1303 ne
734 1270 813 1313 quid
827 1270 866 1303 de
880 1270 1011 1303 vestris⁶
1024 1271 1171 1305 sensibus

425 1322 628 1366 relinquatur
658 1323 871 1366 ambiguum,
906 1323 984 1367 quid
1015 1324 1171 1368 epistolae

426 1382 520 1409 tenor
539 1376 668 1417 habeat,
690 1376 767 1420 quid
789 1382 892 1410 textus
912 1377 1074 1419 dogmatis
1094 1389 1172 1412 con-

429 1429 538 1469 tineat,
562 1429 703 1462 breviter
730 1430 895 1463 insinuare
926 1431 1046 1464 curavi.
1078 1432 1171 1465 lusti-

426 1482 542 1516 nianus
566 1483 726 1526 siquidem
746 1483 924 1527 imperator
941 1484 1027 1518 filius
1046 1492 1167 1527 noster,

426 1541 461 1568 ut
491 1536 559 1569 eius
583 1536 738 1580 epistolae
769 1542 882 1570 tenore
903 1538 1108 1580 cognovistis,
1131 1540 1171 1573 de

426 1588 475 1622 his
502 1589 603 1622 trihus
627 1589 871 1633 quaestionibus
895 1595 966 1624 orta
994 1592 1171 1626 certamina

426 1641 525 1675 fuisse
545 1642 697 1685 signavit:
718 1643 832 1676 Utrum
855 1653 938 1676 unus
959 1654 997 1676 ex
1016 1644 1170 1679 Trinitate

425 1695 569 1729 Christus
595 1702 625 1729 et
648 1697 731 1730 Deus
759 1702 870 1730 noster
890 1696 953 1730 dici
972 1697 1090 1741 possit,
1108 1698 1171 1732 hoc

426 1754 484 1789 est,
504 1759 568 1782 una
593 1750 633 1783 de
658 1749 761 1783 tribus
782 1750 931 1794 personis
950 1756 1081 1784 sanctae
1104 1751 1171 1784 Tri-

424 1802 534 1836 nitatis
554 1809 665 1837 sancta
682 1813 838 1847 persona:
855 1804 904 1836 An
924 1804 1007 1837 Deus
1026 1804 1171 1839 Christus

425 1866 522 1890 carne
546 1857 718 1900 pertulerit
745 1856 937 1900 impassibili
958 1857 1094 1891 deitate:
1122 1860 1169 1892 An

424 1909 557 1953 proprie
586 1915 616 1942 et
643 1909 801 1943 veraciter
833 1916 934 1943 mater
960 1911 1090 1944 Domini
1114 1912 1170 1945 Dei

425 1962 527 1996 nostri
544 1963 659 1997 Christi
672 1963 772 1996 Maria
791 1974 920 2008 semper
936 1964 1035 2007 Virgo
1055 1965 1169 1999 debeat

425 2016 594 2060 appellari.
628 2017 839 2050 Probavimus
858 2017 891 2050 in
911 2017 961 2050 his
978 2017 1169 2052 catholicam

426 2068 633 2114 imperatoris
653 2069 764 2111 fidem,
787 2076 818 2104 et
842 2070 885 2104 ita
907 2081 975 2105 esse
995 2071 1166 2116 propheti-

463 2196 474 2222 1
497 2194 585 2222 Caras.
600 2194 663 2222 hab.
680 2195 850 2230 differerem.

461 2238 478 2265 2
498 2238 595 2266 Baron.
617 2238 728 2266 immed.
754 2247 867 2275 proseq:
895 2240 926 2266 in
949 2240 1168 2275 eoeemplaribus

426 2279 536 2314 scripta
560 2279 733 2308 transmitti.
750 2279 801 2306 Sed
816 2279 902 2307 Labb.
919 2283 946 2307 et
965 2281 1026 2308 Car.
1052 2288 1078 2307 n.
1105 2281 1167 2308 lect.

426 2318 540 2346 adhaer.

462 2364 477 2391 3
498 2363 622 2391 Fortasse
634 2364 795 2398 pertinent,
812 2364 853 2392 vel
869 2364 959 2400 paullo
975 2369 1051 2393 ante:
1069 2373 1141 2394 rem.

461 2409 479 2435 4
497 2408 585 2436 Caras.
598 2410 735 2444 protulit,
756 2409 828 2445 quod
845 2410 923 2438 Cont.
948 2410 1038 2438 Const.
1056 2410 1125 2439 iuxt.
1141 2420 1168 2439 n.

427 2448 488 2475 lect.
505 2448 627 2483 corrigit.
645 2448 740 2476 Baron.
758 2457 867 2485 quoque
883 2453 910 2478 et
920 2450 1005 2478 Labb.
1021 2451 1091 2486 legg.
1104 2460 1170 2486 per-

428 2488 506 2516 tulit.

463 2532 480 2559 5
500 2531 597 2559 Baron.
618 2542 630 2556 «
641 2532 725 2559 Nunc
739 2535 838 2560 autem
854 2543 880 2560 n.

430 2609 448 2637 Β
463 2570 479 2597 6
501 2581 512 2595 «
527 2572 569 2599 De
584 2572 692 2600 nostris
706 2572 835 2600 sensibus
853 2582 876 2600 iv.
898 2573 975 2601 Cont.
997 2574 1087 2602 Const.
1110 2582 1170 2602 cum

451 2618 527 2638 aron.

963 207 1117 232 Arm-:Num
1137 207 1282 232 BULLARII
1302 207 1421 233 ROMANI

1982 212 2074 240 Amo.
2095 212 2148 242 534
2229 194 2235 199 '¹

1209 255 1254 289 cis
1285 260 1315 289 et
1340 256 1529 300 apostolicis
1553 257 1601 291 vel
1627 258 1760 292 Patrum
1795 260 1950 304 exemplis
1965 274 2149 323 unguzseunfuom-
2202 287 2210 297 .
2234 276 2235 288 ¹

1979 307 1992 322 U
2046 307 2069 322 80
2088 307 2147 324 esum
2192 312 2199 319 ι

1209 308 1376 342 evidenter
1408 310 1630 351 ostendimus3
1663 321 1764 345 unum
1796 313 1882 346 enim
1913 324 1950 347 ex
1965 307 2151 353 311r1stum,02v0r-
2177 343 2179 345 .

1207 367 1319 396 sancta
1335 362 1490 397 Trinitate
1521 363 1681 398 Christum
1706 375 1785 406 esse,
1807 366 1870 400 hoc
1890 373 1948 408 est,

1207 425 1305 448 unam
1327 415 1367 449 de
1391 416 1494 450 tribus
1507 422 1636 450 sanctae
1655 417 1818 452 Trinitatis
1841 429 1952 463 perso-

1207 468 1257 501 nis
1281 474 1425 502 sanctam
1454 479 1522 503 esse
1541 480 1726 514 personam,
1752 471 1818 504 sive
1848 471 1954 505 subsi-

1207 522 1369 564 stentiam,
1384 533 1481 566 quam
1501 523 1616 558 Graeci
1635 524 1768 561 ὑπὸςασιν
1788 524 1900 559 dicunt
1920 525 1952 559 in

1207 575 1256 610 his
1281 576 1436 620 exemplis
1456 576 1622 611 evidenter
1641 577 1855 612 ostendimus.

1251 630 1285 664 In
1316 630 1399 663 libro
1430 630 1564 664 Genesis
1580 641 1640 675 per
1659 631 1788 676 Moysen
1813 631 1952 666 Trinitas

1206 683 1275 727 ipsa
1295 683 1340 717 sie
1356 683 1453 717 dicit:
1474 683 1551 717 Ecce
1564 684 1675 717 Adam
1687 685 1794 728 factus
1810 689 1855 718 est
1870 689 1952 718 tam-

1206 747 1308 781 quam
1331 747 1418 770 unus
1442 747 1481 770 eac
1503 737 1630 770 nobis⁷.
1654 737 1691 771 Et
1708 737 1786 771 item
1807 748 1861 771 vas
1885 738 1952 771 ele-

1206 791 1321 824 ctionis
1340 791 1459 824 Paulus
1480 791 1520 824 ad
1540 790 1734 832 Corinthios,
1758 791 1802 825 ita
1821 791 1952 826 eviden-

1205 849 1255 878 ter
1274 844 1452 889 expressit:
1477 844 1567 878 Unus
1590 844 1676 878 Deus
1695 845 1809 886 Pater,
1831 855 1870 878 ex
1886 855 1951 889 quo

1205 898 1329 940 omm‘a,
1357 901 1385 931 et
1409 908 1466 931 nos
1486 898 1524 931 in
1539 898 1620 941 ipso,
1640 901 1669 930 et
1685 908 1773 931 unus
1788 897 1951 932 Dominus

1204 956 1313 985 noster
1331 951 1423 985 Iesus
1448 952 1608 993 Christus,
1625 961 1686 995 per
1708 961 1805 995 quem
1822 952 1947 994 omnia,

1205 1010 1233 1039 el
1251 1016 1309 1039 nos
1323 1006 1505 1049 peripsum
1522 1005 1543 1038 Β.

1249 1059 1286 1092 Et
1299 1059 1329 1091 in
1345 1059 1493 1103 symbolo
1517 1059 1631 1103 synodi
1643 1058 1813 1092 Nicaenae:
1833 1058 1948 1093 Credi-

1204 1123 1277 1145 mus
1297 1112 1334 1145 in
1346 1122 1453 1145 imum
1470 1112 1575 1145 Deum
1592 1112 1728 1145 Patrem
1745 1112 1952 1157 omnipoten-

1206 1171 1279 1207 tem,
1301 1170 1330 1198 et
1350 1166 1387 1198 in
1405 1175 1512 1198 unum
1535 1165 1716 1198 Dominum
1735 1169 1886 1199 nostrum
1901 1165 1952 1199 Ie-

1204 1229 1277 1252 sum
1296 1219 1465 1253 Christum
1484 1219 1707 1262 uniqenitum.

1248 1273 1328 1306 Item
1341 1277 1472 1306 sanctus
1482 1272 1692 1315 Augustinus,
1717 1273 1808 1307 cuius
1830 1273 1951 1307 doctri-

1205 1336 1298 1367 nam,
1328 1326 1508 1359 secundum
1529 1336 1774 1369 praecessorum
1801 1336 1951 1360 meorum

1205 1385 1333 1420 statuta,
1354 1380 1500 1412 Romana
1523 1379 1670 1423 sequitur
1690 1385 1720 1413 et
1743 1380 1871 1413 servat⁹
1893 1380 1952 1413 Ec-

1206 1433 1315 1474 clesia,
1325 1433 1357 1465 in
1370 1432 1456 1466 libro
1469 1432 1645 1466 undecimo
1658 1433 1705 1466 De
1718 1433 1851 1466 civitate
1862 1433 1924 1467 Dei
1930 1431 1953 1451 ¹⁰

1206 1485 1300 1519 dicit:
1331 1485 1520 1519 «Credimus
1532 1490 1564 1518 et
1576 1491 1736 1527 tenemus,
1760 1490 1791 1518 et
1810 1484 1952 1520 fideliter

1206 1538 1452 1582 praedicamus,
1475 1539 1565 1582 quod
1588 1539 1683 1572 Pater
1702 1538 1853 1581 genuerit
1874 1539 1952 1572 Ver-

1206 1592 1296 1633 bum,
1317 1592 1379 1626 hoc
1392 1597 1439 1625 est
1454 1592 1666 1636 Sapientiam,
1682 1603 1741 1636 per
1754 1602 1852 1636 quarn
1866 1593 1952 1626 sacta

1205 1650 1280 1678 sunt
1304 1645 1426 1686 omnia,
1446 1655 1530 1678 unus
1550 1656 1666 1686 unum,
1689 1651 1840 1679 aeternus
1857 1656 1952 1680 coae-

1206 1704 1346 1739 ternum,
1370 1709 1517 1732 summus
1529 1698 1549 1715 ¹¹
1565 1699 1671 1732 bonus
1691 1699 1871 1742 aequaliter
1892 1699 1951 1733 bo-

1206 1762 1295 1786 num.
1321 1753 1359 1786 Et
1382 1753 1470 1796 quod
1494 1753 1632 1797 Spiritus
1648 1753 1783 1787 Sanctus
1804 1753 1900 1786 simul
1919 1759 1951 1788 et

1206 1805 1307 1839 Patris
1338 1812 1369 1839 et
1393 1806 1464 1839 Filii
1488 1806 1528 1839 sit
1555 1806 1704 1849 Spiritus,
1728 1812 1758 1839 et
1777 1806 1845 1850 ipse
1865 1816 1947 1840 con-

1205 1858 1436 1899 substantialis,
1460 1864 1491 1892 et
1504 1864 1695 1892 coaeternus
1708 1859 1879 1900 ambobus,
1895 1864 1946 1892 at-

1206 1923 1269 1956 que
1286 1913 1348 1945 hoc
1370 1918 1472 1946 totum
1493 1912 1632 1946 Trinitas
1652 1912 1692 1945 sit
1711 1918 1847 1956 propter
1866 1922 1947 1956 pro-

1204 1966 1374 2010 prietatem
1409 1976 1623 2010 personarum
1638 1993 1646 2007 ,
1685 1972 1715 2000 et
1749 1976 1833 1999 unus
1866 1966 1950 2000 Deus

1204 2024 1338 2063 propter
1368 2019 1619 2063 inseparabilem
1650 2018 1810 2053 unitatem
1824 2045 1832 2060 ‚
1865 2019 1951 2054 sicut

1204 2081 1287 2105 unus
1312 2071 1518 2116 omnipotens
1541 2077 1677 2116 propter
1696 2071 1949 2116 inseparabilem

1240 2198 1254 2225 7
1271 2197 1371 2225 Genes.
1387 2203 1426 2232 111,
1443 2197 1487 2232 2⁹2,
1503 2197 1551 2224 ubi
1567 2197 1643 2233 Vulg.
1661 2197 1744 2233 legit:
1765 2197 1838 2225 Ecce
1853 2197 1948 2225 Adam

1204 2247 1290 2282 quasi
1306 2255 1382 2274 unus
1395 2255 1431 2274 ex
1444 2246 1526 2274 nobis
1540 2247 1634 2281 factus
1648 2249 1700 2273 est.

1238 2299 1255 2326 8
1277 2299 1287 2326 l
1308 2299 1429 2326 Corinth.
1447 2305 1503 2334 ν111,
1519 2299 1546 2332 6,
1566 2298 1614 2326 ubi
1629 2299 1703 2326 iuxta
1712 2299 1790 2335 Vulg.
1807 2298 1946 2335 legitur

1204 2356 1230 2382 et
1245 2361 1296 2380 nos
1317 2353 1347 2381 in
1361 2353 1454 2385 illum,
1470 2355 1496 2380 et
1512 2361 1588 2380 unus
1608 2353 1751 2381 Dominus
1764 2352 1840 2381 Iesus
1861 2353 1948 2382 Chri-

1203 2405 1264 2430 stus
1281 2422 1333 2429 .....

1238 2457 1254 2484 9
1277 2466 1288 2483 α
1305 2456 1343 2484 Et
1359 2456 1506 2491 probat».
1528 2455 1626 2484 Baron.

1241 2511 1274 2538 10
1297 2521 1308 2535 α
1323 2509 1387 2546 Cap.
1400 2517 1462 2537 xx1v
1475 2521 1487 2535 »
1504 2509 1581 2537 Cout.
1593 2510 1685 2538 Const.
1695 2525 1727 2530 —
1736 2508 1837 2538 Deinde
1853 2508 1944 2536 Caras.

1205 2563 1233 2587 et
1247 2559 1344 2587 Baron.
1363 2559 1432 2595 legg.
1454 2559 1494 2587 sic
1510 2559 1592 2588 dicit.

1243 2614 1270 2642 111
1296 2623 1307 2640 α
1318 2614 1470 2642 Summe».
1487 2613 1565 2641 Cont.
1578 2613 1669 2641 Const.

1965 354 2023 376 bum.

1992 645 2059 672 litque
2072 645 2151 668 evincit

1966 678 1978 694 θ
1993 673 2016 694 S.
2025 673 2149 700 Scripturis.

1965 1122 2104 1171 Βὲᾱῑὲἰοαειιει
2112 1124 2150 1152 Sy-

2017 1547 2035 1569 E
2053 1548 2150 1574 pluribus

1966 1575 2107 1623 {isinUStini
2118 1576 2150 1597 lo-
