<?xml version="1.0" encoding="UTF-8"?>
<!DOCTYPE html PUBLIC "-//W3C//DTD XHTML 1.0 Transitional//EN"
    "http://www.w3.org/TR/xhtml1/DTD/xhtml1-transitional.dtd">
<html xmlns="http://www.w3.org/1999/xhtml" xml:lang="en" lang="en">
 <head>
  <title>
</title>
<meta http-equiv="Content-Type" content="text/html;charset=utf-8" />
  <meta name='ocr-system' content='tesseract 3.04.00' />
  <meta name='ocr-capabilities' content='ocr_page ocr_carea ocr_par ocr_line ocrx_word'/>
</head>
<body>
  <div class='ocr_page' id='page_1' title='image "./bullarumdiplomat00cath/bullarumdiplomat00cath_0310.png"; bbox 0 0 2244 3183; ppageno 0'>
   <div class='ocr_carea' id='block_1_1' title="bbox 2192 0 2217 65">
    <p class='ocr_par' dir='ltr' id='par_1_1' title="bbox 2192 0 2217 65">
     <span class='ocr_line' id='line_1_1' title="bbox 2192 0 2217 65; textangle 90"><span class='ocrx_word' id='word_1_1' title='bbox 2211 60 2214 65; x_wconf 89' lang='lat'>.</span> <span class='ocrx_word' id='word_1_2' title='bbox 2192 0 2217 53; x_wconf 49' lang='lat' dir='ltr'>ru&gt;-</span> 
     </span>
    </p>
   </div>
   <div class='ocr_carea' id='block_1_2' title="bbox 423 189 1415 344">
    <p class='ocr_par' dir='ltr' id='par_1_2' title="bbox 423 189 1415 344">
     <span class='ocr_line' id='line_1_2' title="bbox 452 189 1415 226; baseline 0.004 -4"><span class='ocrx_word' id='word_1_3' title='bbox 452 189 515 223; x_wconf 64' lang='grc'><strong>29-’1</strong></span> <span class='ocrx_word' id='word_1_4' title='bbox 945 199 1106 224; x_wconf 73' lang='lat' dir='ltr'>Arpenmx</span> <span class='ocrx_word' id='word_1_5' title='bbox 1126 199 1277 224; x_wconf 75' lang='lat' dir='ltr'>BULLARn</span> <span class='ocrx_word' id='word_1_6' title='bbox 1295 200 1415 226; x_wconf 71' lang='lat' dir='ltr'>Romul</span> 
     </span>
     <span class='ocr_line' id='line_1_3' title="bbox 424 248 1163 291; baseline -0.001 -10"><span class='ocrx_word' id='word_1_7' title='bbox 424 248 463 280; x_wconf 88' lang='lat' dir='ltr'>ad</span> <span class='ocrx_word' id='word_1_8' title='bbox 492 248 725 291; x_wconf 71' lang='lat' dir='ltr'>persecutionis</span> <span class='ocrx_word' id='word_1_9' title='bbox 757 248 903 280; x_wconf 84' lang='lat' dir='ltr'>incursus</span> <span class='ocrx_word' id='word_1_10' title='bbox 923 257 1059 280; x_wconf 86' lang='lat' dir='ltr'>renuere</span> <span class='ocrx_word' id='word_1_11' title='bbox 1084 257 1163 280; x_wconf 91' lang='lat' dir='ltr'>con-</span> 
     </span>
     <span class='ocr_line' id='line_1_4' title="bbox 423 300 1162 344; baseline 0.001 -11"><span class='ocrx_word' id='word_1_12' title='bbox 423 306 534 334; x_wconf 75' lang='lat' dir='ltr'>sortes.</span> <span class='ocrx_word' id='word_1_13' title='bbox 560 302 660 341; x_wconf 74' lang='lat' dir='ltr'>Certe,</span> <span class='ocrx_word' id='word_1_14' title='bbox 679 311 760 344; x_wconf 87' lang='lat' dir='ltr'>quae</span> <span class='ocrx_word' id='word_1_15' title='bbox 782 301 880 334; x_wconf 82' lang='lat' dir='ltr'>Sedes</span> <span class='ocrx_word' id='word_1_16' title='bbox 900 300 1083 341; x_wconf 84' lang='lat' dir='ltr'>Apostolica</span> <span class='ocrx_word' id='word_1_17' title='bbox 1104 301 1162 334; x_wconf 93' lang='lat' dir='ltr'>de-</span> 
     </span>
    </p>
   </div>
   <div class='ocr_carea' id='block_1_3' title="bbox 223 196 2136 235">
    <p class='ocr_par' dir='ltr' id='par_1_3' title="bbox 223 196 2136 235">
     <span class='ocr_line' id='line_1_5' title="bbox 223 196 2136 235; baseline 0.006 -13"><span class='ocrx_word' id='word_1_18' title='bbox 223 196 270 223; x_wconf 66' lang='grc'><strong>1111.</strong></span> <span class='ocrx_word' id='word_1_19' title='bbox 290 197 318 224; x_wconf 77' lang='lat' dir='ltr'>C.</span> <span class='ocrx_word' id='word_1_20' title='bbox 336 197 387 225; x_wconf 76' lang='lat'>495</span> <span class='ocrx_word' id='word_1_21' title='bbox 1967 206 2017 232; x_wconf 78' lang='lat' dir='ltr'>An.</span> <span class='ocrx_word' id='word_1_22' title='bbox 2035 205 2062 234; x_wconf 89' lang='lat' dir='ltr'>C.</span> <span class='ocrx_word' id='word_1_23' title='bbox 2085 207 2136 235; x_wconf 69' lang='lat'>⁴95</span> 
     </span>
    </p>
   </div>
   <div class='ocr_carea' id='block_1_4' title="bbox 1199 247 2134 316">
    <p class='ocr_par' dir='ltr' id='par_1_4' title="bbox 1199 247 2134 316">
     <span class='ocr_line' id='line_1_6' title="bbox 1199 247 2134 316; baseline 0.011 -36"><span class='ocrx_word' id='word_1_24' title='bbox 1199 247 1312 282; x_wconf 84' lang='lat' dir='ltr'>ficibus</span> <span class='ocrx_word' id='word_1_25' title='bbox 1348 249 1514 283; x_wconf 72' lang='lat' dir='ltr'>catholicis</span> <span class='ocrx_word' id='word_1_26' title='bbox 1549 262 1749 286; x_wconf 71' lang='lat' dir='ltr'><strong>successores</strong></span> <span class='ocrx_word' id='word_1_27' title='bbox 1784 254 2134 316; x_wconf 46' lang='lat' dir='ltr'>haereticiloumnoaopqta</span> 
     </span>
     <span class='ocr_line' id='line_1_7' title="bbox 1959 301 2132 316; baseline 0.006 -1"><span class='ocrx_word' id='word_1_28' title='bbox 1959 301 2066 316; x_wconf 68' lang='lat' dir='ltr'>idet&#39;eseos</span> <span class='ocrx_word' id='word_1_29' title='bbox 2093 302 2132 316; x_wconf 77' lang='grc' dir='ltr'><strong>Ι.ΙΙ5”</strong></span> 
     </span>
    </p>
   </div>
   <div class='ocr_carea' id='block_1_5' title="bbox 1199 304 2104 351">
    <p class='ocr_par' dir='ltr' id='par_1_5' title="bbox 1199 304 2104 351">
     <span class='ocr_line' id='line_1_8' title="bbox 1199 304 2104 351; baseline 0.01 -17"><span class='ocrx_word' id='word_1_30' title='bbox 1199 308 1396 342; x_wconf 85' lang='lat' dir='ltr'>crearentur,</span> <span class='ocrx_word' id='word_1_31' title='bbox 1424 308 1455 335; x_wconf 89' lang='lat' dir='ltr'>et</span> <span class='ocrx_word' id='word_1_32' title='bbox 1479 314 1544 336; x_wconf 90' lang='lat' dir='ltr'>non</span> <span class='ocrx_word' id='word_1_33' title='bbox 1572 304 1611 337; x_wconf 91' lang='lat' dir='ltr'>de</span> <span class='ocrx_word' id='word_1_34' title='bbox 1633 304 1838 339; x_wconf 82' lang='lat' dir='ltr'>inferioribus</span> <span class='ocrx_word' id='word_1_35' title='bbox 1859 307 1933 351; x_wconf 79' lang='lat' dir='ltr'>qui·</span> <span class='ocrx_word' id='word_1_36' title='bbox 1951 324 1983 342; x_wconf 62' lang='lat'>³02</span> <span class='ocrx_word' id='word_1_37' title='bbox 1998 322 2104 343; x_wconf 66' lang='lat' dir='ltr'>miranda.</span> 
     </span>
    </p>
   </div>
   <div class='ocr_carea' id='block_1_6' title="bbox 220 365 406 470">
    <p class='ocr_par' dir='ltr' id='par_1_6' title="bbox 220 365 406 470">
     <span class='ocr_line' id='line_1_9' title="bbox 241 365 406 387; baseline 0.012 -2"><span class='ocrx_word' id='word_1_38' title='bbox 241 365 302 386; x_wconf 72' lang='lat' dir='ltr'>Falso</span> <span class='ocrx_word' id='word_1_39' title='bbox 315 367 406 387; x_wconf 71' lang='lat' dir='ltr'>ian-tatur</span> 
     </span>
     <span class='ocr_line' id='line_1_10' title="bbox 221 392 405 418; baseline 0.016 -7"><span class='ocrx_word' id='word_1_40' title='bbox 221 392 242 411; x_wconf 78' lang='lat' dir='ltr'>S.</span> <span class='ocrx_word' id='word_1_41' title='bbox 261 393 298 418; x_wconf 77' lang='lat' dir='ltr'>Ap.</span> <span class='ocrx_word' id='word_1_42' title='bbox 319 394 405 414; x_wconf 74' lang='lat' dir='ltr'>decreta</span> 
     </span>
     <span class='ocr_line' id='line_1_11' title="bbox 220 420 402 446; baseline 0.022 -9"><span class='ocrx_word' id='word_1_43' title='bbox 220 425 260 438; x_wconf 71' lang='lat' dir='ltr'>non</span> <span class='ocrx_word' id='word_1_44' title='bbox 284 420 336 440; x_wconf 82' lang='lat' dir='ltr'>satis</span> <span class='ocrx_word' id='word_1_45' title='bbox 356 426 402 446; x_wconf 83' lang='lat' dir='ltr'>pre·</span> 
     </span>
     <span class='ocr_line' id='line_1_12' title="bbox 220 446 318 470; baseline 0.01 -5"><span class='ocrx_word' id='word_1_46' title='bbox 220 446 318 470; x_wconf 65' lang='lat' dir='ltr'>animata.</span> 
     </span>
    </p>
   </div>
   <div class='ocr_carea' id='block_1_7' title="bbox 414 354 1164 984">
    <p class='ocr_par' dir='ltr' id='par_1_7' title="bbox 414 354 1164 984">
     <span class='ocr_line' id='line_1_13' title="bbox 422 354 1161 398; baseline -0.001 -11"><span class='ocrx_word' id='word_1_47' title='bbox 422 360 575 394; x_wconf 73' lang='lat' dir='ltr'>creverat,</span> <span class='ocrx_word' id='word_1_48' title='bbox 608 354 818 387; x_wconf 69' lang='lat' dir='ltr'>orientalibus</span> <span class='ocrx_word' id='word_1_49' title='bbox 843 354 1002 398; x_wconf 86' lang='lat' dir='ltr'>episcopis</span> <span class='ocrx_word' id='word_1_50' title='bbox 1022 364 1088 387; x_wconf 90' lang='lat' dir='ltr'>non</span> <span class='ocrx_word' id='word_1_51' title='bbox 1109 354 1161 386; x_wconf 90' lang='lat' dir='ltr'>in-</span> 
     </span>
     <span class='ocr_line' id='line_1_14' title="bbox 420 406 1163 451; baseline 0.001 -12"><span class='ocrx_word' id='word_1_52' title='bbox 420 406 562 439; x_wconf 88' lang='lat' dir='ltr'>notuisse</span> <span class='ocrx_word' id='word_1_53' title='bbox 576 406 722 439; x_wconf 88' lang='lat' dir='ltr'>iactatur.</span> <span class='ocrx_word' id='word_1_54' title='bbox 745 407 834 440; x_wconf 82' lang='lat' dir='ltr'>Unde</span> <span class='ocrx_word' id='word_1_55' title='bbox 856 417 933 449; x_wconf 78' lang='lat' dir='ltr'>ergo</span> <span class='ocrx_word' id='word_1_56' title='bbox 957 412 1001 440; x_wconf 88' lang='lat' dir='ltr'>tot</span> <span class='ocrx_word' id='word_1_57' title='bbox 1021 407 1163 451; x_wconf 85' lang='lat' dir='ltr'>tantique</span> 
     </span>
     <span class='ocr_line' id='line_1_15' title="bbox 421 459 1164 504; baseline 0.003 -12"><span class='ocrx_word' id='word_1_58' title='bbox 421 459 592 492; x_wconf 72' lang='lat' dir='ltr'>Pontifices</span> <span class='ocrx_word' id='word_1_59' title='bbox 612 470 713 493; x_wconf 90' lang='lat' dir='ltr'>unum</span> <span class='ocrx_word' id='word_1_60' title='bbox 727 460 877 503; x_wconf 76' lang='lat' dir='ltr'>idemque</span> <span class='ocrx_word' id='word_1_61' title='bbox 892 471 964 494; x_wconf 90' lang='lat' dir='ltr'>cum</span> <span class='ocrx_word' id='word_1_62' title='bbox 985 460 1066 494; x_wconf 87' lang='lat' dir='ltr'>Sede</span> <span class='ocrx_word' id='word_1_63' title='bbox 1080 461 1164 504; x_wconf 88' lang='lat' dir='ltr'>Apo-</span> 
     </span>
     <span class='ocr_line' id='line_1_16' title="bbox 418 511 1163 557; baseline 0.003 -13"><span class='ocrx_word' id='word_1_64' title='bbox 418 511 530 545; x_wconf 85' lang='lat' dir='ltr'>stoliea</span> <span class='ocrx_word' id='word_1_65' title='bbox 543 512 727 553; x_wconf 71' lang='lat' dir='ltr'>sentiemes,</span> <span class='ocrx_word' id='word_1_66' title='bbox 742 511 891 556; x_wconf 82' lang='lat' dir='ltr'>eamque¹</span> <span class='ocrx_word' id='word_1_67' title='bbox 905 513 1079 556; x_wconf 75' lang='lat' dir='ltr'>probantes</span> <span class='ocrx_word' id='word_1_68' title='bbox 1090 519 1163 557; x_wconf 89' lang='lat' dir='ltr'>apta</span> 
     </span>
     <span class='ocr_line' id='line_1_17' title="bbox 419 565 1158 610; baseline 0.003 -13"><span class='ocrx_word' id='word_1_69' title='bbox 419 565 567 608; x_wconf 63' lang='lat' dir='ltr'>religioni</span> <span class='ocrx_word' id='word_1_70' title='bbox 598 572 820 606; x_wconf 83' lang='lat' dir='ltr'>sacrosantae,</span> <span class='ocrx_word' id='word_1_71' title='bbox 848 577 987 610; x_wconf 78' lang='lat' dir='ltr'>veraque</span> <span class='ocrx_word' id='word_1_72' title='bbox 1008 566 1158 607; x_wconf 68' lang='lat' dir='ltr'>sanxisse,</span> 
     </span>
     <span class='ocr_line' id='line_1_18' title="bbox 417 619 1163 662; baseline 0.003 -12"><span class='ocrx_word' id='word_1_73' title='bbox 417 629 498 661; x_wconf 87' lang='lat' dir='ltr'>quae</span> <span class='ocrx_word' id='word_1_74' title='bbox 527 629 591 651; x_wconf 92' lang='lat' dir='ltr'>non</span> <span class='ocrx_word' id='word_1_75' title='bbox 617 619 721 652; x_wconf 89' lang='lat' dir='ltr'>solum</span> <span class='ocrx_word' id='word_1_76' title='bbox 743 620 908 662; x_wconf 86' lang='lat' dir='ltr'>sequenda</span> <span class='ocrx_word' id='word_1_77' title='bbox 925 619 985 652; x_wconf 88' lang='lat' dir='ltr'>sibi</span> <span class='ocrx_word' id='word_1_78' title='bbox 1002 619 1163 652; x_wconf 74' lang='lat' dir='ltr'>iudicave-</span> 
     </span>
     <span class='ocr_line' id='line_1_19' title="bbox 418 671 1159 716; baseline 0 -12"><span class='ocrx_word' id='word_1_79' title='bbox 418 671 527 711; x_wconf 66' lang='lat' dir='ltr'>runt²‚</span> <span class='ocrx_word' id='word_1_80' title='bbox 550 672 716 705; x_wconf 83' lang='lat' dir='ltr'>sedetiam</span> <span class='ocrx_word' id='word_1_81' title='bbox 736 683 837 716; x_wconf 83' lang='lat' dir='ltr'>usque</span> <span class='ocrx_word' id='word_1_82' title='bbox 851 673 890 705; x_wconf 87' lang='lat' dir='ltr'>ad</span> <span class='ocrx_word' id='word_1_83' title='bbox 901 672 1159 716; x_wconf 85' lang='lat' dir='ltr'>persecutionem</span> 
     </span>
     <span class='ocr_line' id='line_1_20' title="bbox 417 725 1159 769; baseline 0.003 -13"><span class='ocrx_word' id='word_1_84' title='bbox 417 725 551 759; x_wconf 87' lang='lat' dir='ltr'>viriliter</span> <span class='ocrx_word' id='word_1_85' title='bbox 580 726 741 759; x_wconf 83' lang='lat' dir='ltr'>exerenda</span> <span class='ocrx_word' id='word_1_86' title='bbox 762 726 772 741; x_wconf 70' lang='lat'>²³</span> <span class='ocrx_word' id='word_1_87' title='bbox 787 728 801 758; x_wconf 65' lang='grc' dir='ltr'>ἱ)</span> <span class='ocrx_word' id='word_1_88' title='bbox 822 727 902 760; x_wconf 88' lang='lat' dir='ltr'>Ecce</span> <span class='ocrx_word' id='word_1_89' title='bbox 929 726 1085 759; x_wconf 87' lang='lat' dir='ltr'>habuistis</span> <span class='ocrx_word' id='word_1_90' title='bbox 1106 726 1159 769; x_wconf 92' lang='lat' dir='ltr'>qui</span> 
     </span>
     <span class='ocr_line' id='line_1_21' title="bbox 415 779 1161 823; baseline 0 -12"><span class='ocrx_word' id='word_1_91' title='bbox 415 779 610 823; x_wconf 88' lang='lat' dir='ltr'>apostolicae</span> <span class='ocrx_word' id='word_1_92' title='bbox 631 779 868 813; x_wconf 84' lang='lat' dir='ltr'>constitutionis</span> <span class='ocrx_word' id='word_1_93' title='bbox 889 784 920 812; x_wconf 93' lang='lat' dir='ltr'>et</span> <span class='ocrx_word' id='word_1_94' title='bbox 937 779 1083 812; x_wconf 82' lang='lat' dir='ltr'>notitiam</span> <span class='ocrx_word' id='word_1_95' title='bbox 1107 790 1161 812; x_wconf 78' lang='lat' dir='ltr'>vo-</span> 
     </span>
     <span class='ocr_line' id='line_1_22' title="bbox 415 833 1158 876; baseline 0 -11"><span class='ocrx_word' id='word_1_96' title='bbox 415 833 464 865; x_wconf 90' lang='lat' dir='ltr'>bis</span> <span class='ocrx_word' id='word_1_97' title='bbox 483 833 684 876; x_wconf 73' lang='lat' dir='ltr'>ingererent,</span> <span class='ocrx_word' id='word_1_98' title='bbox 708 839 740 866; x_wconf 90' lang='lat' dir='ltr'>et</span> <span class='ocrx_word' id='word_1_99' title='bbox 764 833 924 867; x_wconf 89' lang='lat' dir='ltr'>retinendi</span> <span class='ocrx_word' id='word_1_100' title='bbox 945 833 1158 867; x_wconf 87' lang='lat' dir='ltr'>constantiam</span> 
     </span>
     <span class='ocr_line' id='line_1_23' title="bbox 415 887 1155 932; baseline 0.001 -13"><span class='ocrx_word' id='word_1_101' title='bbox 415 887 643 920; x_wconf 81' lang='lat' dir='ltr'>ministrarent.</span> <span class='ocrx_word' id='word_1_102' title='bbox 673 887 702 921; x_wconf 86' lang='lat' dir='ltr'>Si</span> <span class='ocrx_word' id='word_1_103' title='bbox 728 888 737 904; x_wconf 76' lang='lat'>⁴</span> <span class='ocrx_word' id='word_1_104' title='bbox 761 887 945 932; x_wconf 78' lang='lat' dir='ltr'>Apostolica</span> <span class='ocrx_word' id='word_1_105' title='bbox 970 888 1067 921; x_wconf 80' lang='lat' dir='ltr'>Sedes</span> <span class='ocrx_word' id='word_1_106' title='bbox 1092 887 1155 920; x_wconf 89' lang='lat' dir='ltr'>mi-</span> 
     </span>
     <span class='ocr_line' id='line_1_24' title="bbox 414 940 1155 984; baseline 0 -11"><span class='ocrx_word' id='word_1_107' title='bbox 414 940 515 981; x_wconf 80' lang='lat' dir='ltr'>sisset,</span> <span class='ocrx_word' id='word_1_108' title='bbox 537 940 585 973; x_wconf 78' lang='lat' dir='ltr'>vix</span> <span class='ocrx_word' id='word_1_109' title='bbox 611 941 691 974; x_wconf 88' lang='lat' dir='ltr'>duos</span> <span class='ocrx_word' id='word_1_110' title='bbox 716 946 768 974; x_wconf 88' lang='lat' dir='ltr'>aut</span> <span class='ocrx_word' id='word_1_111' title='bbox 796 947 858 974; x_wconf 87' lang='lat' dir='ltr'>tres</span> <span class='ocrx_word' id='word_1_112' title='bbox 879 940 1018 983; x_wconf 79' lang='lat' dir='ltr'>dirigere</span> <span class='ocrx_word' id='word_1_113' title='bbox 1039 946 1155 984; x_wconf 90' lang='lat' dir='ltr'>potue-</span> 
     </span>
    </p>
   </div>
   <div class='ocr_carea' id='block_1_8' title="bbox 414 994 1175 1038">
    <p class='ocr_par' dir='ltr' id='par_1_8' title="bbox 414 994 1175 1038">
     <span class='ocr_line' id='line_1_25' title="bbox 414 994 1175 1038; baseline 0.001 -12"><span class='ocrx_word' id='word_1_114' title='bbox 414 999 476 1027; x_wconf 89' lang='lat' dir='ltr'>rat:</span> <span class='ocrx_word' id='word_1_115' title='bbox 499 1005 572 1027; x_wconf 91' lang='lat' dir='ltr'>ecce</span> <span class='ocrx_word' id='word_1_116' title='bbox 593 1000 639 1027; x_wconf 87' lang='lat' dir='ltr'>tot</span> <span class='ocrx_word' id='word_1_117' title='bbox 659 994 830 1028; x_wconf 82' lang='lat' dir='ltr'>Pontifices</span> <span class='ocrx_word' id='word_1_118' title='bbox 844 995 1049 1038; x_wconf 75' lang='lat' dir='ltr'>Apostolicae</span> <span class='ocrx_word' id='word_1_119' title='bbox 1068 995 1158 1028; x_wconf 82' lang='lat' dir='ltr'>Sedis</span> <span class='ocrx_word' id='word_1_120' title='bbox 1174 1032 1175 1036; x_wconf 13' lang='grc' dir='ltr'><strong>Ἰ</strong></span> 
     </span>
    </p>
   </div>
   <div class='ocr_carea' id='block_1_9' title="bbox 408 1048 1157 2004">
    <p class='ocr_par' dir='ltr' id='par_1_9' title="bbox 408 1048 1157 2004">
     <span class='ocr_line' id='line_1_26' title="bbox 412 1048 1155 1091; baseline -0.001 -9"><span class='ocrx_word' id='word_1_121' title='bbox 412 1049 491 1082; x_wconf 85' lang='lat' dir='ltr'>scita</span> <span class='ocrx_word' id='word_1_122' title='bbox 511 1054 689 1089; x_wconf 85' lang='lat' dir='ltr'>sectantes,</span> <span class='ocrx_word' id='word_1_123' title='bbox 721 1048 872 1091; x_wconf 78' lang='lat' dir='ltr'>ingerunt</span> <span class='ocrx_word' id='word_1_124' title='bbox 898 1048 988 1082; x_wconf 77' lang='lat' dir='ltr'>vobis</span> <span class='ocrx_word' id='word_1_125' title='bbox 1009 1048 1155 1081; x_wconf 77' lang='lat' dir='ltr'>notitiam</span> 
     </span>
     <span class='ocr_line' id='line_1_27' title="bbox 412 1102 1153 1146; baseline 0 -11"><span class='ocrx_word' id='word_1_126' title='bbox 412 1108 439 1135; x_wconf 88' lang='lat' dir='ltr'>et</span> <span class='ocrx_word' id='word_1_127' title='bbox 462 1102 617 1145; x_wconf 75' lang='lat' dir='ltr'>praebent</span> <span class='ocrx_word' id='word_1_128' title='bbox 638 1103 813 1135; x_wconf 73' lang='lat' dir='ltr'>servandae</span> <span class='ocrx_word' id='word_1_129' title='bbox 834 1102 975 1135; x_wconf 80' lang='lat' dir='ltr'>veritatis</span> <span class='ocrx_word' id='word_1_130' title='bbox 996 1103 1153 1146; x_wconf 79' lang='lat' dir='ltr'>exempla.</span> 
     </span>
     <span class='ocr_line' id='line_1_28' title="bbox 411 1155 1155 1194; baseline 0 -6"><span class='ocrx_word' id='word_1_131' title='bbox 411 1156 468 1194; x_wconf 86' lang='lat' dir='ltr'>Qui</span> <span class='ocrx_word' id='word_1_132' title='bbox 487 1161 600 1189; x_wconf 85' lang='lat' dir='ltr'>contra</span> <span class='ocrx_word' id='word_1_133' title='bbox 615 1161 720 1189; x_wconf 86' lang='lat' dir='ltr'>tantos</span> <span class='ocrx_word' id='word_1_134' title='bbox 735 1155 892 1189; x_wconf 74' lang='lat' dir='ltr'>clausistis</span> <span class='ocrx_word' id='word_1_135' title='bbox 906 1156 1017 1189; x_wconf 90' lang='lat' dir='ltr'>oculos</span> <span class='ocrx_word' id='word_1_136' title='bbox 1035 1155 1155 1189; x_wconf 82' lang='lat' dir='ltr'>ibidem</span> 
     </span>
     <span class='ocr_line' id='line_1_29' title="bbox 412 1209 1154 1253; baseline 0.001 -12"><span class='ocrx_word' id='word_1_137' title='bbox 412 1209 615 1249; x_wconf 86' lang='lat' dir='ltr'>constitutos,</span> <span class='ocrx_word' id='word_1_138' title='bbox 640 1209 805 1253; x_wconf 87' lang='lat' dir='ltr'>quomodo</span> <span class='ocrx_word' id='word_1_139' title='bbox 831 1209 912 1242; x_wconf 87' lang='lat' dir='ltr'>duos</span> <span class='ocrx_word' id='word_1_140' title='bbox 933 1209 980 1242; x_wconf 90' lang='lat' dir='ltr'>vel</span> <span class='ocrx_word' id='word_1_141' title='bbox 1004 1214 1067 1242; x_wconf 89' lang='lat' dir='ltr'>tres</span> <span class='ocrx_word' id='word_1_142' title='bbox 1095 1219 1154 1242; x_wconf 89' lang='lat' dir='ltr'>au-</span> 
     </span>
     <span class='ocr_line' id='line_1_30' title="bbox 411 1262 1154 1306; baseline 0.001 -12"><span class='ocrx_word' id='word_1_143' title='bbox 411 1262 480 1294; x_wconf 91' lang='lat' dir='ltr'>dire</span> <span class='ocrx_word' id='word_1_144' title='bbox 500 1262 661 1306; x_wconf 67' lang='lat' dir='ltr'>possetis?</span> <span class='ocrx_word' id='word_1_145' title='bbox 686 1263 752 1295; x_wconf 88' lang='lat' dir='ltr'>Iloe</span> <span class='ocrx_word' id='word_1_146' title='bbox 773 1262 865 1306; x_wconf 69' lang='lat' dir='ltr'>ipso⁵</span> <span class='ocrx_word' id='word_1_147' title='bbox 885 1262 954 1295; x_wconf 87' lang='lat' dir='ltr'>sine</span> <span class='ocrx_word' id='word_1_148' title='bbox 976 1262 1076 1295; x_wconf 91' lang='lat' dir='ltr'>dubio</span> <span class='ocrx_word' id='word_1_149' title='bbox 1097 1273 1154 1295; x_wconf 88' lang='lat' dir='ltr'>co-</span> 
     </span>
     <span class='ocr_line' id='line_1_31' title="bbox 410 1315 1153 1359; baseline 0.003 -12"><span class='ocrx_word' id='word_1_150' title='bbox 410 1315 564 1357; x_wconf 72' lang='lat' dir='ltr'>gnovistis</span> <span class='ocrx_word' id='word_1_151' title='bbox 589 1315 661 1348; x_wconf 87' lang='lat' dir='ltr'>illos</span> <span class='ocrx_word' id='word_1_152' title='bbox 688 1315 892 1359; x_wconf 82' lang='lat' dir='ltr'>Apostolicae</span> <span class='ocrx_word' id='word_1_153' title='bbox 916 1315 989 1348; x_wconf 83' lang='lat' dir='ltr'>Sedi</span> <span class='ocrx_word' id='word_1_154' title='bbox 1014 1315 1153 1359; x_wconf 85' lang='lat' dir='ltr'>placere,</span> 
     </span>
     <span class='ocr_line' id='line_1_32' title="bbox 411 1369 1157 1413; baseline 0.003 -12"><span class='ocrx_word' id='word_1_155' title='bbox 411 1370 497 1412; x_wconf 80' lang='lat' dir='ltr'>quod</span> <span class='ocrx_word' id='word_1_156' title='bbox 523 1380 577 1401; x_wconf 75' lang='lat' dir='ltr'>vos</span> <span class='ocrx_word' id='word_1_157' title='bbox 605 1369 775 1413; x_wconf 73' lang='lat' dir='ltr'>displicere</span> <span class='ocrx_word' id='word_1_158' title='bbox 808 1369 975 1402; x_wconf 86' lang='lat' dir='ltr'>videbatis.</span> <span class='ocrx_word' id='word_1_159' title='bbox 1006 1370 1067 1403; x_wconf 86' lang='lat' dir='ltr'>Aut</span> <span class='ocrx_word' id='word_1_160' title='bbox 1085 1370 1157 1403; x_wconf 91' lang='lat' dir='ltr'>illos</span> 
     </span>
     <span class='ocr_line' id='line_1_33' title="bbox 410 1422 1156 1467; baseline 0.003 -12"><span class='ocrx_word' id='word_1_161' title='bbox 410 1433 487 1465; x_wconf 78' lang='lat' dir='ltr'>ergo</span> <span class='ocrx_word' id='word_1_162' title='bbox 518 1422 698 1464; x_wconf 77' lang='lat' dir='ltr'>sectamini,</span> <span class='ocrx_word' id='word_1_163' title='bbox 729 1434 788 1466; x_wconf 89' lang='lat' dir='ltr'>per</span> <span class='ocrx_word' id='word_1_164' title='bbox 818 1433 899 1467; x_wconf 88' lang='lat' dir='ltr'>quos</span> <span class='ocrx_word' id='word_1_165' title='bbox 928 1422 1156 1466; x_wconf 78' lang='lat' dir='ltr'>intelligebatis</span> 
     </span>
     <span class='ocr_line' id='line_1_34' title="bbox 409 1476 1154 1521; baseline -0.001 -11"><span class='ocrx_word' id='word_1_166' title='bbox 409 1476 499 1510; x_wconf 71' lang='lat' dir='ltr'>Sedis</span> <span class='ocrx_word' id='word_1_167' title='bbox 519 1476 723 1521; x_wconf 76' lang='lat' dir='ltr'>Apostolicae</span> <span class='ocrx_word' id='word_1_168' title='bbox 745 1477 941 1510; x_wconf 79' lang='lat' dir='ltr'>voluntatem</span> <span class='ocrx_word' id='word_1_169' title='bbox 955 1477 984 1517; x_wconf 79' lang='lat'>⁶;</span> <span class='ocrx_word' id='word_1_170' title='bbox 1008 1477 1154 1510; x_wconf 79' lang='lat' dir='ltr'>autniliil</span> 
     </span>
     <span class='ocr_line' id='line_1_35' title="bbox 411 1530 1152 1574; baseline 0.001 -11"><span class='ocrx_word' id='word_1_171' title='bbox 411 1537 456 1563; x_wconf 89' lang='lat' dir='ltr'>est</span> <span class='ocrx_word' id='word_1_172' title='bbox 474 1531 561 1574; x_wconf 91' lang='lat' dir='ltr'>quod</span> <span class='ocrx_word' id='word_1_173' title='bbox 582 1531 621 1564; x_wconf 89' lang='lat' dir='ltr'>de</span> <span class='ocrx_word' id='word_1_174' title='bbox 639 1530 822 1574; x_wconf 69' lang='lat' dir='ltr'>ignorantia</span> <span class='ocrx_word' id='word_1_175' title='bbox 840 1531 942 1564; x_wconf 88' lang='lat' dir='ltr'>velitis</span> <span class='ocrx_word' id='word_1_176' title='bbox 963 1531 1152 1572; x_wconf 85' lang='lat' dir='ltr'>obtendere,</span> 
     </span>
     <span class='ocr_line' id='line_1_36' title="bbox 412 1584 1151 1627; baseline 0.003 -10"><span class='ocrx_word' id='word_1_177' title='bbox 412 1595 485 1617; x_wconf 78' lang='lat' dir='ltr'>cum</span> <span class='ocrx_word' id='word_1_178' title='bbox 513 1584 639 1617; x_wconf 86' lang='lat' dir='ltr'>indiciis</span> <span class='ocrx_word' id='word_1_179' title='bbox 666 1584 760 1618; x_wconf 87' lang='lat' dir='ltr'>tantis</span> <span class='ocrx_word' id='word_1_180' title='bbox 782 1590 811 1618; x_wconf 91' lang='lat' dir='ltr'>et</span> <span class='ocrx_word' id='word_1_181' title='bbox 834 1585 950 1618; x_wconf 89' lang='lat' dir='ltr'>talibus</span> <span class='ocrx_word' id='word_1_182' title='bbox 969 1585 1151 1627; x_wconf 81' lang='lat' dir='ltr'>abutentes,</span> 
     </span>
     <span class='ocr_line' id='line_1_37' title="bbox 409 1638 1154 1682; baseline 0.001 -11"><span class='ocrx_word' id='word_1_183' title='bbox 409 1638 499 1672; x_wconf 86' lang='lat' dir='ltr'>Sedis</span> <span class='ocrx_word' id='word_1_184' title='bbox 524 1638 726 1682; x_wconf 84' lang='lat' dir='ltr'>Apostolicae</span> <span class='ocrx_word' id='word_1_185' title='bbox 747 1638 930 1680; x_wconf 83' lang='lat' dir='ltr'>constituta,</span> <span class='ocrx_word' id='word_1_186' title='bbox 952 1639 1046 1672; x_wconf 88' lang='lat' dir='ltr'>tantis</span> <span class='ocrx_word' id='word_1_187' title='bbox 1069 1639 1154 1672; x_wconf 87' lang='lat' dir='ltr'>testi-</span> 
     </span>
     <span class='ocr_line' id='line_1_38' title="bbox 409 1692 1150 1736; baseline 0.003 -12"><span class='ocrx_word' id='word_1_188' title='bbox 409 1692 526 1725; x_wconf 84' lang='lat' dir='ltr'>moniis</span> <span class='ocrx_word' id='word_1_189' title='bbox 550 1692 824 1735; x_wconf 82' lang='lat' dir='ltr'>praedicantibus,</span> <span class='ocrx_word' id='word_1_190' title='bbox 854 1702 1007 1736; x_wconf 81' lang='lat' dir='ltr'>respuere</span> <span class='ocrx_word' id='word_1_191' title='bbox 1023 1693 1130 1736; x_wconf 89' lang='lat' dir='ltr'>potius</span> <span class='ocrx_word' id='word_1_192' title='bbox 1143 1720 1150 1734; x_wconf 90' lang='lat'>,</span> 
     </span>
     <span class='ocr_line' id='line_1_39' title="bbox 409 1745 1154 1790; baseline 0.003 -12"><span class='ocrx_word' id='word_1_193' title='bbox 409 1757 505 1789; x_wconf 86' lang='lat' dir='ltr'>quam</span> <span class='ocrx_word' id='word_1_194' title='bbox 519 1745 662 1790; x_wconf 88' lang='lat' dir='ltr'>recipere</span> <span class='ocrx_word' id='word_1_195' title='bbox 677 1746 844 1779; x_wconf 87' lang='lat' dir='ltr'>maluistis.</span> <span class='ocrx_word' id='word_1_196' title='bbox 862 1746 1025 1790; x_wconf 81' lang='lat' dir='ltr'>Numquid</span> <span class='ocrx_word' id='word_1_197' title='bbox 1040 1757 1154 1780; x_wconf 90' lang='lat' dir='ltr'>omnes</span> 
     </span>
     <span class='ocr_line' id='line_1_40' title="bbox 408 1799 1153 1845; baseline 0.003 -14"><span class='ocrx_word' id='word_1_198' title='bbox 408 1799 471 1840; x_wconf 87' lang='lat' dir='ltr'>isti,</span> <span class='ocrx_word' id='word_1_199' title='bbox 489 1810 570 1844; x_wconf 86' lang='lat' dir='ltr'>quos</span> <span class='ocrx_word' id='word_1_200' title='bbox 585 1799 836 1833; x_wconf 66' lang='lat' dir='ltr'>memoravimus</span> <span class='ocrx_word' id='word_1_201' title='bbox 848 1800 868 1840; x_wconf 91' lang='lat'>⁷,</span> <span class='ocrx_word' id='word_1_202' title='bbox 886 1800 1030 1844; x_wconf 86' lang='lat' dir='ltr'>episcopi</span> <span class='ocrx_word' id='word_1_203' title='bbox 1051 1800 1153 1845; x_wconf 88' lang='lat' dir='ltr'>impe-</span> 
     </span>
     <span class='ocr_line' id='line_1_41' title="bbox 408 1853 1153 1897; baseline 0.003 -12"><span class='ocrx_word' id='word_1_204' title='bbox 408 1853 505 1885; x_wconf 87' lang='lat' dir='ltr'>ratori</span> <span class='ocrx_word' id='word_1_205' title='bbox 523 1853 645 1886; x_wconf 89' lang='lat' dir='ltr'>mentiti</span> <span class='ocrx_word' id='word_1_206' title='bbox 661 1858 735 1886; x_wconf 88' lang='lat' dir='ltr'>sunt</span> <span class='ocrx_word' id='word_1_207' title='bbox 747 1854 778 1885; x_wconf 59' lang='lat'>⁸⁵?</span> <span class='ocrx_word' id='word_1_208' title='bbox 792 1853 955 1897; x_wconf 82' lang='lat' dir='ltr'>Numquid</span> <span class='ocrx_word' id='word_1_209' title='bbox 969 1865 1081 1887; x_wconf 88' lang='lat' dir='ltr'>omnes</span> <span class='ocrx_word' id='word_1_210' title='bbox 1094 1854 1153 1887; x_wconf 89' lang='lat' dir='ltr'>im-</span> 
     </span>
     <span class='ocr_line' id='line_1_42' title="bbox 408 1906 1152 1950; baseline 0.004 -12"><span class='ocrx_word' id='word_1_211' title='bbox 408 1906 569 1949; x_wconf 87' lang='lat' dir='ltr'>peratoris</span> <span class='ocrx_word' id='word_1_212' title='bbox 590 1917 709 1939; x_wconf 89' lang='lat' dir='ltr'>nomen</span> <span class='ocrx_word' id='word_1_213' title='bbox 720 1918 756 1939; x_wconf 82' lang='lat' dir='ltr'>ex</span> <span class='ocrx_word' id='word_1_214' title='bbox 769 1906 919 1950; x_wconf 85' lang='lat' dir='ltr'>diptichis</span> <span class='ocrx_word' id='word_1_215' title='bbox 929 1908 1152 1941; x_wconf 68' lang='lat' dir='ltr'>abstulerunt‘.l</span> 
     </span>
     <span class='ocr_line' id='line_1_43' title="bbox 408 1959 1149 2004; baseline 0.003 -11"><span class='ocrx_word' id='word_1_216' title='bbox 408 1960 484 1993; x_wconf 88' lang='lat' dir='ltr'>Cum</span> <span class='ocrx_word' id='word_1_217' title='bbox 507 1959 607 2003; x_wconf 72' lang='lat' dir='ltr'>igitur</span> <span class='ocrx_word' id='word_1_218' title='bbox 627 1960 843 2004; x_wconf 85' lang='lat' dir='ltr'>pellerentur,</span> <span class='ocrx_word' id='word_1_219' title='bbox 876 1966 907 1994; x_wconf 91' lang='lat' dir='ltr'>et</span> <span class='ocrx_word' id='word_1_220' title='bbox 935 1961 1011 1994; x_wconf 80' lang='lat' dir='ltr'>vivis</span> <span class='ocrx_word' id='word_1_221' title='bbox 1038 1962 1149 1995; x_wconf 88' lang='lat' dir='ltr'>Ponti-</span> 
     </span>
    </p>
   </div>
   <div class='ocr_carea' id='block_1_10' title="bbox 442 2075 1150 2247">
    <p class='ocr_par' dir='ltr' id='par_1_10' title="bbox 448 2075 898 2110">
     <span class='ocr_line' id='line_1_44' title="bbox 448 2075 898 2110; baseline 0 -8"><span class='ocrx_word' id='word_1_222' title='bbox 448 2077 455 2102; x_wconf 93' lang='grc'>1</span> <span class='ocrx_word' id='word_1_223' title='bbox 475 2075 525 2102; x_wconf 83' lang='lat' dir='ltr'>Cit.</span> <span class='ocrx_word' id='word_1_224' title='bbox 543 2075 602 2102; x_wconf 89' lang='lat' dir='ltr'>cod.</span> <span class='ocrx_word' id='word_1_225' title='bbox 623 2075 689 2101; x_wconf 69' lang='lat'>1344</span> <span class='ocrx_word' id='word_1_226' title='bbox 704 2075 898 2110; x_wconf 69' lang='lat' dir='ltr'>eamdemque.</span> 
     </span>
    </p>

    <p class='ocr_par' dir='ltr' id='par_1_11' title="bbox 442 2119 938 2147">
     <span class='ocr_line' id='line_1_45' title="bbox 442 2119 938 2147; baseline 0.002 -1"><span class='ocrx_word' id='word_1_227' title='bbox 442 2120 458 2146; x_wconf 75' lang='lat'>⁶3</span> <span class='ocrx_word' id='word_1_228' title='bbox 475 2119 524 2146; x_wconf 84' lang='lat' dir='ltr'>Cit.</span> <span class='ocrx_word' id='word_1_229' title='bbox 541 2119 601 2146; x_wconf 86' lang='lat' dir='ltr'>eod.</span> <span class='ocrx_word' id='word_1_230' title='bbox 620 2119 718 2146; x_wconf 85' lang='lat' dir='ltr'>Veron.</span> <span class='ocrx_word' id='word_1_231' title='bbox 735 2119 938 2147; x_wconf 72' lang='lat' dir='ltr'>iudicaverint.</span> 
     </span>
    </p>

    <p class='ocr_par' dir='ltr' id='par_1_12' title="bbox 443 2164 795 2192">
     <span class='ocr_line' id='line_1_46' title="bbox 443 2164 795 2192; baseline -0.006 0"><span class='ocrx_word' id='word_1_232' title='bbox 443 2165 458 2192; x_wconf 87' lang='lat'>3</span> <span class='ocrx_word' id='word_1_233' title='bbox 475 2164 514 2191; x_wconf 89' lang='grc' dir='ltr'>ΑΙ.</span> <span class='ocrx_word' id='word_1_234' title='bbox 537 2164 606 2191; x_wconf 86' lang='lat' dir='ltr'>male</span> <span class='ocrx_word' id='word_1_235' title='bbox 626 2164 795 2191; x_wconf 75' lang='lat' dir='ltr'>eoeecranda.</span> 
     </span>
    </p>

    <p class='ocr_par' dir='ltr' id='par_1_13' title="bbox 443 2208 1150 2247">
     <span class='ocr_line' id='line_1_47' title="bbox 443 2208 1150 2247; baseline 0.003 -11"><span class='ocrx_word' id='word_1_236' title='bbox 443 2210 458 2236; x_wconf 70' lang='lat'>4</span> <span class='ocrx_word' id='word_1_237' title='bbox 474 2210 522 2236; x_wconf 89' lang='lat' dir='ltr'>Cit.</span> <span class='ocrx_word' id='word_1_238' title='bbox 545 2209 622 2237; x_wconf 86' lang='lat' dir='ltr'>codd.</span> <span class='ocrx_word' id='word_1_239' title='bbox 642 2209 713 2236; x_wconf 86' lang='lat' dir='ltr'>Vatt.</span> <span class='ocrx_word' id='word_1_240' title='bbox 736 2208 772 2236; x_wconf 83' lang='lat' dir='ltr'>ita</span> <span class='ocrx_word' id='word_1_241' title='bbox 796 2208 866 2236; x_wconf 83' lang='lat' dir='ltr'>hane</span> <span class='ocrx_word' id='word_1_242' title='bbox 884 2209 1024 2245; x_wconf 85' lang='lat' dir='ltr'>periodum</span> <span class='ocrx_word' id='word_1_243' title='bbox 1049 2210 1150 2247; x_wconf 84' lang='lat' dir='ltr'>inepte,</span> 
     </span>
    </p>
   </div>
   <div class='ocr_carea' id='block_1_11' title="bbox 408 2249 1169 2289">
    <p class='ocr_par' dir='ltr' id='par_1_14' title="bbox 408 2249 1169 2289">
     <span class='ocr_line' id='line_1_48' title="bbox 408 2249 1169 2289; baseline 0.004 -9"><span class='ocrx_word' id='word_1_244' title='bbox 408 2258 437 2280; x_wconf 88' lang='lat' dir='ltr'>ut</span> <span class='ocrx_word' id='word_1_245' title='bbox 457 2254 571 2289; x_wconf 88' lang='lat' dir='ltr'>opinor,</span> <span class='ocrx_word' id='word_1_246' title='bbox 601 2253 782 2280; x_wconf 82' lang='lat' dir='ltr'>concludunt:</span> <span class='ocrx_word' id='word_1_247' title='bbox 809 2254 834 2280; x_wconf 86' lang='lat' dir='ltr'>si</span> <span class='ocrx_word' id='word_1_248' title='bbox 861 2255 1040 2289; x_wconf 77' lang='lat' dir='ltr'>Apostolicae</span> <span class='ocrx_word' id='word_1_249' title='bbox 1070 2249 1169 2289; x_wconf 63' lang='lat' dir='ltr'>Sedis}</span> 
     </span>
    </p>
   </div>
   <div class='ocr_carea' id='block_1_12' title="bbox 408 2298 1152 2644">
    <p class='ocr_par' dir='ltr' id='par_1_15' title="bbox 408 2298 1152 2555">
     <span class='ocr_line' id='line_1_49' title="bbox 408 2298 1152 2334; baseline 0.003 -9"><span class='ocrx_word' id='word_1_250' title='bbox 408 2298 479 2325; x_wconf 83' lang='lat' dir='ltr'>scita</span> <span class='ocrx_word' id='word_1_251' title='bbox 490 2301 629 2325; x_wconf 81' lang='lat' dir='ltr'>sectantes</span> <span class='ocrx_word' id='word_1_252' title='bbox 641 2298 778 2333; x_wconf 66' lang='lat' dir='ltr'>ingerunt</span> <span class='ocrx_word' id='word_1_253' title='bbox 786 2298 862 2326; x_wconf 85' lang='lat' dir='ltr'>vobis</span> <span class='ocrx_word' id='word_1_254' title='bbox 872 2299 1018 2332; x_wconf 69' lang='lat' dir='ltr'>notitiam,</span> <span class='ocrx_word' id='word_1_255' title='bbox 1030 2301 1057 2327; x_wconf 87' lang='lat' dir='ltr'>et</span> <span class='ocrx_word' id='word_1_256' title='bbox 1064 2307 1152 2334; x_wconf 77' lang='lat' dir='ltr'>prae-</span> 
     </span>
     <span class='ocr_line' id='line_1_50' title="bbox 409 2342 1152 2377; baseline 0.004 -9"><span class='ocrx_word' id='word_1_257' title='bbox 409 2342 475 2369; x_wconf 78' lang='lat' dir='ltr'>bent</span> <span class='ocrx_word' id='word_1_258' title='bbox 489 2343 648 2370; x_wconf 77' lang='lat' dir='ltr'>servandae</span> <span class='ocrx_word' id='word_1_259' title='bbox 664 2342 793 2370; x_wconf 69' lang='lat' dir='ltr'>veritatis</span> <span class='ocrx_word' id='word_1_260' title='bbox 808 2343 983 2377; x_wconf 71' lang='lat' dir='ltr'>exemplum.</span> <span class='ocrx_word' id='word_1_261' title='bbox 1001 2342 1050 2370; x_wconf 88' lang='lat' dir='ltr'>Hic</span> <span class='ocrx_word' id='word_1_262' title='bbox 1063 2347 1152 2371; x_wconf 85' lang='lat' dir='ltr'>autem</span> 
     </span>
     <span class='ocr_line' id='line_1_51' title="bbox 408 2386 1152 2421; baseline 0.004 -9"><span class='ocrx_word' id='word_1_263' title='bbox 408 2386 441 2412; x_wconf 89' lang='lat' dir='ltr'>al.</span> <span class='ocrx_word' id='word_1_264' title='bbox 459 2390 523 2413; x_wconf 86' lang='lat' dir='ltr'>ante</span> <span class='ocrx_word' id='word_1_265' title='bbox 539 2387 701 2421; x_wconf 82' lang='lat' dir='ltr'>particulam</span> <span class='ocrx_word' id='word_1_266' title='bbox 717 2387 740 2413; x_wconf 87' lang='lat' dir='ltr'>si</span> <span class='ocrx_word' id='word_1_267' title='bbox 755 2395 832 2414; x_wconf 89' lang='lat' dir='ltr'>coma</span> <span class='ocrx_word' id='word_1_268' title='bbox 850 2387 1033 2421; x_wconf 85' lang='lat' dir='ltr'>interiiciunt,</span> <span class='ocrx_word' id='word_1_269' title='bbox 1050 2391 1077 2414; x_wconf 82' lang='lat' dir='ltr'>et</span> <span class='ocrx_word' id='word_1_270' title='bbox 1092 2396 1152 2416; x_wconf 76' lang='lat' dir='ltr'>mox</span> 
     </span>
     <span class='ocr_line' id='line_1_52' title="bbox 408 2433 1152 2468; baseline 0.003 -10"><span class='ocrx_word' id='word_1_271' title='bbox 408 2434 468 2466; x_wconf 89' lang='lat' dir='ltr'>post</span> <span class='ocrx_word' id='word_1_272' title='bbox 483 2439 575 2458; x_wconf 85' lang='lat' dir='ltr'>vocem</span> <span class='ocrx_word' id='word_1_273' title='bbox 591 2434 729 2466; x_wconf 79' lang='lat' dir='ltr'>potuerat</span> <span class='ocrx_word' id='word_1_274' title='bbox 744 2434 872 2466; x_wconf 85' lang='lat' dir='ltr'>punctum</span> <span class='ocrx_word' id='word_1_275' title='bbox 892 2435 1040 2468; x_wconf 84' lang='lat' dir='ltr'>apponunt.</span> <span class='ocrx_word' id='word_1_276' title='bbox 1057 2433 1090 2459; x_wconf 83' lang='lat' dir='ltr'>At</span> <span class='ocrx_word' id='word_1_277' title='bbox 1104 2441 1152 2460; x_wconf 87' lang='lat' dir='ltr'>nos</span> 
     </span>
     <span class='ocr_line' id='line_1_53' title="bbox 408 2476 1152 2512; baseline 0.004 -11"><span class='ocrx_word' id='word_1_278' title='bbox 408 2483 503 2502; x_wconf 89' lang='lat' dir='ltr'>sensus</span> <span class='ocrx_word' id='word_1_279' title='bbox 518 2484 581 2511; x_wconf 85' lang='lat' dir='ltr'>ergo</span> <span class='ocrx_word' id='word_1_280' title='bbox 599 2476 843 2511; x_wconf 79' lang='lat' dir='ltr'>interpunctionem</span> <span class='ocrx_word' id='word_1_281' title='bbox 859 2476 938 2512; x_wconf 87' lang='lat' dir='ltr'>plane</span> <span class='ocrx_word' id='word_1_282' title='bbox 954 2476 1087 2504; x_wconf 83' lang='lat' dir='ltr'>diversam</span> <span class='ocrx_word' id='word_1_283' title='bbox 1102 2477 1152 2504; x_wconf 90' lang='lat' dir='ltr'>du-</span> 
     </span>
     <span class='ocr_line' id='line_1_54' title="bbox 408 2520 729 2555; baseline 0.006 -10"><span class='ocrx_word' id='word_1_284' title='bbox 408 2520 496 2546; x_wconf 85' lang='lat' dir='ltr'>ximus</span> <span class='ocrx_word' id='word_1_285' title='bbox 516 2520 729 2555; x_wconf 76' lang='lat' dir='ltr'>praeferendam.</span> 
     </span>
    </p>

    <p class='ocr_par' dir='ltr' id='par_1_16' title="bbox 412 2563 1151 2644">
     <span class='ocr_line' id='line_1_55' title="bbox 444 2563 1151 2601; baseline 0.004 -10"><span class='ocrx_word' id='word_1_286' title='bbox 444 2564 461 2591; x_wconf 93' lang='lat'>5</span> <span class='ocrx_word' id='word_1_287' title='bbox 480 2563 545 2592; x_wconf 89' lang='lat' dir='ltr'>Cod.</span> <span class='ocrx_word' id='word_1_288' title='bbox 568 2565 628 2592; x_wconf 86' lang='lat' dir='ltr'>Vat.</span> <span class='ocrx_word' id='word_1_289' title='bbox 650 2565 728 2599; x_wconf 79' lang='grc'><strong>1344,</strong></span> <span class='ocrx_word' id='word_1_290' title='bbox 745 2572 897 2601; x_wconf 85' lang='lat' dir='ltr'>perperam,</span> <span class='ocrx_word' id='word_1_291' title='bbox 918 2568 948 2593; x_wconf 90' lang='lat' dir='ltr'>ut</span> <span class='ocrx_word' id='word_1_292' title='bbox 962 2565 1078 2600; x_wconf 86' lang='lat' dir='ltr'>videtur,</span> <span class='ocrx_word' id='word_1_293' title='bbox 1094 2567 1151 2594; x_wconf 88' lang='lat' dir='ltr'>Hoc</span> 
     </span>
     <span class='ocr_line' id='line_1_56' title="bbox 412 2609 517 2644; baseline 0 -9"><span class='ocrx_word' id='word_1_294' title='bbox 412 2609 517 2644; x_wconf 77' lang='lat' dir='ltr'>ipsum.</span> 
     </span>
    </p>
   </div>
   <div class='ocr_carea' id='block_1_13' title="bbox 1174 354 1937 2006">
    <p class='ocr_par' dir='ltr' id='par_1_17' title="bbox 1174 354 1937 2006">
     <span class='ocr_line' id='line_1_57' title="bbox 1197 354 1933 404; baseline 0.01 -17"><span class='ocrx_word' id='word_1_295' title='bbox 1197 354 1342 398; x_wconf 75' lang='lat' dir='ltr'>busque⁰</span> <span class='ocrx_word' id='word_1_296' title='bbox 1363 354 1554 396; x_wconf 86' lang='lat' dir='ltr'>civitatibus,</span> <span class='ocrx_word' id='word_1_297' title='bbox 1578 358 1633 390; x_wconf 90' lang='lat' dir='ltr'>sed</span> <span class='ocrx_word' id='word_1_298' title='bbox 1651 357 1745 391; x_wconf 88' lang='lat' dir='ltr'>etiam</span> <span class='ocrx_word' id='word_1_299' title='bbox 1767 365 1933 404; x_wconf 88' lang='lat' dir='ltr'>metropo-</span> 
     </span>
     <span class='ocr_line' id='line_1_58' title="bbox 1197 406 1933 453; baseline 0.01 -14"><span class='ocrx_word' id='word_1_300' title='bbox 1197 406 1287 440; x_wconf 86' lang='lat' dir='ltr'>litani</span> <span class='ocrx_word' id='word_1_301' title='bbox 1301 407 1472 441; x_wconf 84' lang='lat' dir='ltr'>Pontifices</span> <span class='ocrx_word' id='word_1_302' title='bbox 1491 408 1522 441; x_wconf 92' lang='lat' dir='ltr'>in</span> <span class='ocrx_word' id='word_1_303' title='bbox 1536 409 1822 453; x_wconf 75' lang='lat' dir='ltr'>catholicaiugiter</span> <span class='ocrx_word' id='word_1_304' title='bbox 1842 423 1933 446; x_wconf 89' lang='lat' dir='ltr'>com-</span> 
     </span>
     <span class='ocr_line' id='line_1_59' title="bbox 1197 460 1936 508; baseline 0.009 -16"><span class='ocrx_word' id='word_1_305' title='bbox 1197 460 1351 494; x_wconf 90' lang='lat' dir='ltr'>munione</span> <span class='ocrx_word' id='word_1_306' title='bbox 1383 461 1546 502; x_wconf 86' lang='lat' dir='ltr'>durantes,</span> <span class='ocrx_word' id='word_1_307' title='bbox 1570 461 1661 495; x_wconf 81' lang='lat' dir='ltr'>cur¹⁰</span> <span class='ocrx_word' id='word_1_308' title='bbox 1690 465 1847 508; x_wconf 81' lang='lat' dir='ltr'>compassi</span> <span class='ocrx_word' id='word_1_309' title='bbox 1871 476 1936 499; x_wconf 88' lang='lat' dir='ltr'>non</span> 
     </span>
     <span class='ocr_line' id='line_1_60' title="bbox 1196 513 1937 552; baseline 0.009 -7"><span class='ocrx_word' id='word_1_310' title='bbox 1196 513 1270 546; x_wconf 91' lang='lat' dir='ltr'>estis</span> <span class='ocrx_word' id='word_1_311' title='bbox 1290 514 1384 547; x_wconf 88' lang='lat' dir='ltr'>tantis</span> <span class='ocrx_word' id='word_1_312' title='bbox 1397 514 1548 548; x_wconf 85' lang='lat' dir='ltr'>fratribus</span> <span class='ocrx_word' id='word_1_313' title='bbox 1565 516 1697 550; x_wconf 66' lang='lat' dir='ltr'>vestris?</span> <span class='ocrx_word' id='word_1_314' title='bbox 1712 517 1773 551; x_wconf 91' lang='lat' dir='ltr'>Cur</span> <span class='ocrx_word' id='word_1_315' title='bbox 1789 528 1854 551; x_wconf 91' lang='lat' dir='ltr'>non</span> <span class='ocrx_word' id='word_1_316' title='bbox 1868 518 1937 552; x_wconf 87' lang='lat' dir='ltr'>adi-</span> 
     </span>
     <span class='ocr_line' id='line_1_61' title="bbox 1195 566 1936 610; baseline 0.009 -12"><span class='ocrx_word' id='word_1_317' title='bbox 1195 566 1251 599; x_wconf 87' lang='lat' dir='ltr'>stis</span> <span class='ocrx_word' id='word_1_318' title='bbox 1271 566 1523 610; x_wconf 68' lang='lat' dir='ltr'>imperatorem?</span> <span class='ocrx_word' id='word_1_319' title='bbox 1537 568 1597 602; x_wconf 86' lang='lat' dir='ltr'>Cur</span> <span class='ocrx_word' id='word_1_320' title='bbox 1610 579 1674 602; x_wconf 91' lang='lat' dir='ltr'>non</span> <span class='ocrx_word' id='word_1_321' title='bbox 1688 570 1848 604; x_wconf 88' lang='lat' dir='ltr'>Ecclesiae</span> <span class='ocrx_word' id='word_1_322' title='bbox 1861 582 1936 605; x_wconf 91' lang='lat' dir='ltr'>cau-</span> 
     </span>
     <span class='ocr_line' id='line_1_62' title="bbox 1196 620 1937 660; baseline 0.009 -9"><span class='ocrx_word' id='word_1_323' title='bbox 1196 630 1275 660; x_wconf 89' lang='lat' dir='ltr'>sam,</span> <span class='ocrx_word' id='word_1_324' title='bbox 1299 625 1329 652; x_wconf 92' lang='lat' dir='ltr'>et</span> <span class='ocrx_word' id='word_1_325' title='bbox 1346 620 1517 654; x_wconf 86' lang='lat' dir='ltr'>sacerdotii</span> <span class='ocrx_word' id='word_1_326' title='bbox 1536 621 1753 656; x_wconf 86' lang='lat' dir='ltr'>miserabilem</span> <span class='ocrx_word' id='word_1_327' title='bbox 1769 622 1786 639; x_wconf 90' lang='lat'>¹¹</span> <span class='ocrx_word' id='word_1_328' title='bbox 1809 624 1937 658; x_wconf 90' lang='lat' dir='ltr'>decolo-</span> 
     </span>
     <span class='ocr_line' id='line_1_63' title="bbox 1177 673 1937 712; baseline 0.009 -7"><span class='ocrx_word' id='word_1_329' title='bbox 1177 697 1179 705; x_wconf 73' lang='grc'>,</span> <span class='ocrx_word' id='word_1_330' title='bbox 1196 673 1354 707; x_wconf 87' lang='lat' dir='ltr'>rationem</span> <span class='ocrx_word' id='word_1_331' title='bbox 1373 674 1568 708; x_wconf 86' lang='lat' dir='ltr'>continuatis</span> <span class='ocrx_word' id='word_1_332' title='bbox 1593 676 1724 710; x_wconf 88' lang='lat' dir='ltr'>vocibus</span> <span class='ocrx_word' id='word_1_333' title='bbox 1742 677 1937 712; x_wconf 73' lang='lat' dir='ltr'>deflevistis?</span> 
     </span>
     <span class='ocr_line' id='line_1_64' title="bbox 1194 726 1935 772; baseline 0.008 -13"><span class='ocrx_word' id='word_1_334' title='bbox 1194 727 1375 769; x_wconf 79' lang='lat' dir='ltr'>Allegantes</span> <span class='ocrx_word' id='word_1_335' title='bbox 1387 726 1407 744; x_wconf 73' lang='lat'>¹²</span> <span class='ocrx_word' id='word_1_336' title='bbox 1419 738 1585 772; x_wconf 89' lang='lat' dir='ltr'>nunquam</span> <span class='ocrx_word' id='word_1_337' title='bbox 1600 729 1639 763; x_wconf 89' lang='lat' dir='ltr'>de</span> <span class='ocrx_word' id='word_1_338' title='bbox 1653 730 1863 764; x_wconf 84' lang='lat' dir='ltr'>Pontificibus</span> <span class='ocrx_word' id='word_1_339' title='bbox 1876 731 1935 765; x_wconf 87' lang='lat' dir='ltr'>nisi</span> 
     </span>
     <span class='ocr_line' id='line_1_65' title="bbox 1194 780 1932 823; baseline 0.007 -10"><span class='ocrx_word' id='word_1_340' title='bbox 1194 780 1367 814; x_wconf 87' lang='lat' dir='ltr'>Ecclesiam</span> <span class='ocrx_word' id='word_1_341' title='bbox 1393 781 1569 823; x_wconf 87' lang='lat' dir='ltr'>iudicasse;</span> <span class='ocrx_word' id='word_1_342' title='bbox 1593 793 1658 816; x_wconf 91' lang='lat' dir='ltr'>non</span> <span class='ocrx_word' id='word_1_343' title='bbox 1679 794 1747 817; x_wconf 87' lang='lat' dir='ltr'>esse</span> <span class='ocrx_word' id='word_1_344' title='bbox 1771 784 1932 818; x_wconf 86' lang='lat' dir='ltr'>humana-</span> 
     </span>
     <span class='ocr_line' id='line_1_66' title="bbox 1194 834 1934 877; baseline 0.008 -12"><span class='ocrx_word' id='word_1_345' title='bbox 1194 844 1264 866; x_wconf 89' lang='lat' dir='ltr'>rum</span> <span class='ocrx_word' id='word_1_346' title='bbox 1291 834 1398 877; x_wconf 71' lang='lat' dir='ltr'>legum</span> <span class='ocrx_word' id='word_1_347' title='bbox 1425 835 1463 868; x_wconf 90' lang='lat' dir='ltr'>de</span> <span class='ocrx_word' id='word_1_348' title='bbox 1489 835 1607 869; x_wconf 88' lang='lat' dir='ltr'>talibus</span> <span class='ocrx_word' id='word_1_349' title='bbox 1634 836 1718 870; x_wconf 87' lang='lat' dir='ltr'>serre</span> <span class='ocrx_word' id='word_1_350' title='bbox 1742 838 1934 871; x_wconf 88' lang='lat' dir='ltr'>sententiam</span> 
     </span>
     <span class='ocr_line' id='line_1_67' title="bbox 1176 886 1931 933; baseline 0.007 -13"><span class='ocrx_word' id='word_1_351' title='bbox 1176 886 1315 932; x_wconf 69' lang='lat' dir='ltr'>&#39;absque</span> <span class='ocrx_word' id='word_1_352' title='bbox 1339 888 1499 922; x_wconf 86' lang='lat' dir='ltr'>Ecclesiae</span> <span class='ocrx_word' id='word_1_353' title='bbox 1529 889 1753 933; x_wconf 88' lang='lat' dir='ltr'>principaliter</span> <span class='ocrx_word' id='word_1_354' title='bbox 1768 890 1787 906; x_wconf 81' lang='lat'>¹³</span> <span class='ocrx_word' id='word_1_355' title='bbox 1809 891 1931 925; x_wconf 84' lang='lat' dir='ltr'>consti-</span> 
     </span>
     <span class='ocr_line' id='line_1_68' title="bbox 1194 941 1932 988; baseline 0.004 -14"><span class='ocrx_word' id='word_1_356' title='bbox 1194 941 1269 974; x_wconf 90' lang='lat' dir='ltr'>tutis</span> <span class='ocrx_word' id='word_1_357' title='bbox 1289 942 1520 983; x_wconf 67' lang='lat' dir='ltr'>Pontificibus,</span> <span class='ocrx_word' id='word_1_358' title='bbox 1555 943 1689 986; x_wconf 88' lang='lat' dir='ltr'>obsequi</span> <span class='ocrx_word' id='word_1_359' title='bbox 1715 944 1820 977; x_wconf 90' lang='lat' dir='ltr'>solere</span> <span class='ocrx_word' id='word_1_360' title='bbox 1839 945 1932 988; x_wconf 92' lang='lat' dir='ltr'>prin-</span> 
     </span>
     <span class='ocr_line' id='line_1_69' title="bbox 1192 995 1934 1039; baseline 0.007 -12"><span class='ocrx_word' id='word_1_361' title='bbox 1192 995 1278 1038; x_wconf 87' lang='lat' dir='ltr'>cipes</span> <span class='ocrx_word' id='word_1_362' title='bbox 1299 995 1492 1029; x_wconf 88' lang='lat' dir='ltr'>christianos</span> <span class='ocrx_word' id='word_1_363' title='bbox 1518 996 1654 1030; x_wconf 87' lang='lat' dir='ltr'>decretis</span> <span class='ocrx_word' id='word_1_364' title='bbox 1674 997 1846 1039; x_wconf 84' lang='lat' dir='ltr'>Ecclesiae,</span> <span class='ocrx_word' id='word_1_365' title='bbox 1870 1009 1934 1032; x_wconf 82' lang='lat' dir='ltr'>non</span> 
     </span>
     <span class='ocr_line' id='line_1_70' title="bbox 1174 1051 1934 1097; baseline 0.007 -16"><span class='ocrx_word' id='word_1_366' title='bbox 1174 1059 1281 1082; x_wconf 46' lang='lat' dir='ltr'>*suam</span> <span class='ocrx_word' id='word_1_367' title='bbox 1302 1060 1504 1093; x_wconf 88' lang='lat' dir='ltr'>praeponere</span> <span class='ocrx_word' id='word_1_368' title='bbox 1528 1054 1736 1094; x_wconf 70' lang='lat' dir='ltr'>potestatem,</span> <span class='ocrx_word' id='word_1_369' title='bbox 1775 1051 1934 1097; x_wconf 84' lang='lat' dir='ltr'>episcopis</span> 
     </span>
     <span class='ocr_line' id='line_1_71' title="bbox 1192 1103 1934 1147; baseline 0.007 -12"><span class='ocrx_word' id='word_1_370' title='bbox 1192 1108 1287 1146; x_wconf 87' lang='lat' dir='ltr'>caput</span> <span class='ocrx_word' id='word_1_371' title='bbox 1312 1103 1451 1136; x_wconf 87' lang='lat' dir='ltr'>subdere</span> <span class='ocrx_word' id='word_1_372' title='bbox 1482 1103 1664 1147; x_wconf 87' lang='lat' dir='ltr'>principem</span> <span class='ocrx_word' id='word_1_373' title='bbox 1698 1105 1841 1147; x_wconf 84' lang='lat' dir='ltr'>solitum,</span> <span class='ocrx_word' id='word_1_374' title='bbox 1869 1117 1934 1140; x_wconf 91' lang='lat' dir='ltr'>non</span> 
     </span>
     <span class='ocr_line' id='line_1_72' title="bbox 1192 1156 1934 1200; baseline 0.007 -12"><span class='ocrx_word' id='word_1_375' title='bbox 1192 1156 1231 1189; x_wconf 91' lang='lat' dir='ltr'>de</span> <span class='ocrx_word' id='word_1_376' title='bbox 1252 1166 1364 1189; x_wconf 90' lang='lat' dir='ltr'>eorum</span> <span class='ocrx_word' id='word_1_377' title='bbox 1383 1156 1542 1200; x_wconf 88' lang='lat' dir='ltr'>capitibus</span> <span class='ocrx_word' id='word_1_378' title='bbox 1562 1157 1717 1191; x_wconf 87' lang='lat' dir='ltr'>iudicare.</span> <span class='ocrx_word' id='word_1_379' title='bbox 1741 1159 1862 1198; x_wconf 87' lang='lat' dir='ltr'>Quibus</span> <span class='ocrx_word' id='word_1_380' title='bbox 1875 1160 1934 1193; x_wconf 88' lang='lat' dir='ltr'>Ec-</span> 
     </span>
     <span class='ocr_line' id='line_1_73' title="bbox 1191 1209 1931 1256; baseline 0.005 -14"><span class='ocrx_word' id='word_1_381' title='bbox 1191 1209 1306 1243; x_wconf 85' lang='lat' dir='ltr'>clesiae</span> <span class='ocrx_word' id='word_1_382' title='bbox 1321 1209 1476 1251; x_wconf 88' lang='lat' dir='ltr'>conciliis,</span> <span class='ocrx_word' id='word_1_383' title='bbox 1498 1210 1573 1254; x_wconf 87' lang='lat' dir='ltr'>quia</span> <span class='ocrx_word' id='word_1_384' title='bbox 1586 1212 1708 1256; x_wconf 72' lang='lat' dir='ltr'>synodo</span> <span class='ocrx_word' id='word_1_385' title='bbox 1721 1212 1931 1256; x_wconf 81' lang='lat' dir='ltr'>pellerentur3</span> 
     </span>
     <span class='ocr_line' id='line_1_74' title="bbox 1191 1261 1934 1307; baseline 0.007 -13"><span class='ocrx_word' id='word_1_386' title='bbox 1191 1261 1269 1305; x_wconf 89' lang='lat' dir='ltr'>quid</span> <span class='ocrx_word' id='word_1_387' title='bbox 1293 1263 1434 1306; x_wconf 90' lang='lat' dir='ltr'>denique</span> <span class='ocrx_word' id='word_1_388' title='bbox 1455 1264 1702 1307; x_wconf 75' lang='lat' dir='ltr'>commisissent,</span> <span class='ocrx_word' id='word_1_389' title='bbox 1726 1271 1760 1298; x_wconf 90' lang='lat' dir='ltr'>ut</span> <span class='ocrx_word' id='word_1_390' title='bbox 1780 1265 1848 1299; x_wconf 90' lang='lat' dir='ltr'>sine</span> <span class='ocrx_word' id='word_1_391' title='bbox 1869 1266 1934 1299; x_wconf 89' lang='lat' dir='ltr'>ulla</span> 
     </span>
     <span class='ocr_line' id='line_1_75' title="bbox 1191 1315 1934 1364; baseline 0.007 -16"><span class='ocrx_word' id='word_1_392' title='bbox 1191 1315 1389 1350; x_wconf 86' lang='lat' dir='ltr'>discussione</span> <span class='ocrx_word' id='word_1_393' title='bbox 1404 1327 1525 1358; x_wconf 89' lang='lat' dir='ltr'>rerum,</span> <span class='ocrx_word' id='word_1_394' title='bbox 1550 1323 1595 1351; x_wconf 89' lang='lat' dir='ltr'>tot</span> <span class='ocrx_word' id='word_1_395' title='bbox 1608 1319 1825 1352; x_wconf 87' lang='lat' dir='ltr'>Ecclesiarum</span> <span class='ocrx_word' id='word_1_396' title='bbox 1838 1330 1934 1364; x_wconf 88' lang='lat' dir='ltr'>prae-</span> 
     </span>
     <span class='ocr_line' id='line_1_76' title="bbox 1190 1369 1934 1414; baseline 0.005 -12"><span class='ocrx_word' id='word_1_397' title='bbox 1190 1369 1274 1403; x_wconf 90' lang='lat' dir='ltr'>sules</span> <span class='ocrx_word' id='word_1_398' title='bbox 1305 1380 1366 1414; x_wconf 90' lang='lat' dir='ltr'>pro</span> <span class='ocrx_word' id='word_1_399' title='bbox 1394 1370 1538 1404; x_wconf 84' lang='lat' dir='ltr'>humano</span> <span class='ocrx_word' id='word_1_400' title='bbox 1570 1371 1681 1412; x_wconf 91' lang='lat' dir='ltr'>libitu,</span> <span class='ocrx_word' id='word_1_401' title='bbox 1706 1378 1737 1405; x_wconf 88' lang='lat' dir='ltr'>et</span> <span class='ocrx_word' id='word_1_402' title='bbox 1760 1373 1934 1406; x_wconf 88' lang='lat' dir='ltr'>saecularis</span> 
     </span>
     <span class='ocr_line' id='line_1_77' title="bbox 1189 1423 1930 1469; baseline 0.005 -13"><span class='ocrx_word' id='word_1_403' title='bbox 1189 1423 1355 1466; x_wconf 86' lang='lat' dir='ltr'>potestatis</span> <span class='ocrx_word' id='word_1_404' title='bbox 1369 1424 1504 1458; x_wconf 87' lang='lat' dir='ltr'>arbitrio</span> <span class='ocrx_word' id='word_1_405' title='bbox 1523 1425 1733 1469; x_wconf 85' lang='lat' dir='ltr'>pellerentur.</span> <span class='ocrx_word' id='word_1_406' title='bbox 1755 1426 1930 1466; x_wconf 84' lang='lat' dir='ltr'>lnauditos,</span> 
     </span>
     <span class='ocr_line' id='line_1_78' title="bbox 1190 1476 1933 1524; baseline 0.007 -15"><span class='ocrx_word' id='word_1_407' title='bbox 1190 1476 1403 1519; x_wconf 86' lang='lat' dir='ltr'>indiscussos,</span> <span class='ocrx_word' id='word_1_408' title='bbox 1424 1478 1588 1512; x_wconf 85' lang='lat' dir='ltr'>convictos</span> <span class='ocrx_word' id='word_1_409' title='bbox 1610 1478 1628 1495; x_wconf 75' lang='lat'>¹⁴</span> <span class='ocrx_word' id='word_1_410' title='bbox 1649 1489 1713 1513; x_wconf 89' lang='lat' dir='ltr'>non</span> <span class='ocrx_word' id='word_1_411' title='bbox 1735 1480 1855 1513; x_wconf 86' lang='lat' dir='ltr'>debere</span> <span class='ocrx_word' id='word_1_412' title='bbox 1873 1491 1933 1524; x_wconf 92' lang='lat' dir='ltr'>per</span> 
     </span>
     <span class='ocr_line' id='line_1_79' title="bbox 1189 1530 1934 1574; baseline 0.007 -12"><span class='ocrx_word' id='word_1_413' title='bbox 1189 1530 1271 1563; x_wconf 90' lang='lat' dir='ltr'>eelli.</span> <span class='ocrx_word' id='word_1_414' title='bbox 1294 1531 1427 1565; x_wconf 81' lang='lat' dir='ltr'>Maxime</span> <span class='ocrx_word' id='word_1_415' title='bbox 1449 1543 1521 1565; x_wconf 89' lang='lat' dir='ltr'>eum</span> <span class='ocrx_word' id='word_1_416' title='bbox 1543 1543 1644 1566; x_wconf 89' lang='lat' dir='ltr'>novae</span> <span class='ocrx_word' id='word_1_417' title='bbox 1664 1544 1790 1574; x_wconf 85' lang='lat' dir='ltr'>causae,</span> <span class='ocrx_word' id='word_1_418' title='bbox 1808 1538 1839 1566; x_wconf 86' lang='lat' dir='ltr'>et</span> <span class='ocrx_word' id='word_1_419' title='bbox 1851 1544 1934 1567; x_wconf 72' lang='lat' dir='ltr'>nova</span> 
     </span>
     <span class='ocr_line' id='line_1_80' title="bbox 1188 1585 1934 1630; baseline 0.005 -14"><span class='ocrx_word' id='word_1_420' title='bbox 1188 1594 1296 1617; x_wconf 88' lang='lat' dir='ltr'>rerum</span> <span class='ocrx_word' id='word_1_421' title='bbox 1321 1585 1417 1618; x_wconf 83' lang='lat' dir='ltr'>facies</span> <span class='ocrx_word' id='word_1_422' title='bbox 1443 1591 1631 1630; x_wconf 82' lang='lat' dir='ltr'>appareret,</span> <span class='ocrx_word' id='word_1_423' title='bbox 1659 1592 1693 1619; x_wconf 89' lang='lat' dir='ltr'>ut</span> <span class='ocrx_word' id='word_1_424' title='bbox 1719 1592 1862 1620; x_wconf 86' lang='lat' dir='ltr'>rectores</span> <span class='ocrx_word' id='word_1_425' title='bbox 1882 1587 1934 1621; x_wconf 91' lang='lat' dir='ltr'>isti</span> 
     </span>
     <span class='ocr_line' id='line_1_81' title="bbox 1188 1637 1933 1685; baseline 0.007 -16"><span class='ocrx_word' id='word_1_426' title='bbox 1188 1637 1330 1681; x_wconf 87' lang='lat' dir='ltr'>plebium</span> <span class='ocrx_word' id='word_1_427' title='bbox 1364 1639 1542 1682; x_wconf 88' lang='lat' dir='ltr'>repentinis</span> <span class='ocrx_word' id='word_1_428' title='bbox 1577 1639 1842 1681; x_wconf 87' lang='lat' dir='ltr'>incursionibus,</span> <span class='ocrx_word' id='word_1_429' title='bbox 1872 1651 1933 1685; x_wconf 92' lang='lat' dir='ltr'>pro</span> 
     </span>
     <span class='ocr_line' id='line_1_82' title="bbox 1188 1692 1934 1736; baseline 0.005 -13"><span class='ocrx_word' id='word_1_430' title='bbox 1188 1692 1371 1725; x_wconf 85' lang='lat' dir='ltr'>mundanae</span> <span class='ocrx_word' id='word_1_431' title='bbox 1384 1692 1547 1736; x_wconf 90' lang='lat' dir='ltr'>potentiae</span> <span class='ocrx_word' id='word_1_432' title='bbox 1569 1693 1743 1734; x_wconf 72' lang='lat' dir='ltr'>voluntate,</span> <span class='ocrx_word' id='word_1_433' title='bbox 1767 1693 1866 1727; x_wconf 86' lang='lat' dir='ltr'>saeris</span> <span class='ocrx_word' id='word_1_434' title='bbox 1887 1694 1934 1728; x_wconf 91' lang='lat' dir='ltr'>di-</span> 
     </span>
     <span class='ocr_line' id='line_1_83' title="bbox 1187 1745 1932 1790; baseline 0.004 -13"><span class='ocrx_word' id='word_1_435' title='bbox 1187 1745 1362 1787; x_wconf 82' lang='lat' dir='ltr'>gnitatibus</span> <span class='ocrx_word' id='word_1_436' title='bbox 1393 1746 1609 1790; x_wconf 82' lang='lat' dir='ltr'>privarentur.</span> <span class='ocrx_word' id='word_1_437' title='bbox 1641 1748 1685 1781; x_wconf 87' lang='lat' dir='ltr'>Ex</span> <span class='ocrx_word' id='word_1_438' title='bbox 1718 1748 1807 1781; x_wconf 87' lang='lat' dir='ltr'>nulla</span> <span class='ocrx_word' id='word_1_439' title='bbox 1833 1748 1932 1782; x_wconf 88' lang='lat' dir='ltr'>veteri</span> 
     </span>
     <span class='ocr_line' id='line_1_84' title="bbox 1188 1800 1933 1846; baseline 0.004 -14"><span class='ocrx_word' id='word_1_440' title='bbox 1188 1810 1293 1840; x_wconf 82' lang='lat' dir='ltr'>causa,</span> <span class='ocrx_word' id='word_1_441' title='bbox 1323 1810 1358 1832; x_wconf 79' lang='lat' dir='ltr'>ex</span> <span class='ocrx_word' id='word_1_442' title='bbox 1379 1800 1468 1833; x_wconf 92' lang='lat' dir='ltr'>nullo</span> <span class='ocrx_word' id='word_1_443' title='bbox 1490 1800 1627 1843; x_wconf 74' lang='lat' dir='ltr'>collegio</span> <span class='ocrx_word' id='word_1_444' title='bbox 1648 1806 1766 1843; x_wconf 88' lang='lat' dir='ltr'>reatus,</span> <span class='ocrx_word' id='word_1_445' title='bbox 1787 1812 1846 1835; x_wconf 88' lang='lat' dir='ltr'>nec</span> <span class='ocrx_word' id='word_1_446' title='bbox 1859 1812 1933 1846; x_wconf 89' lang='lat' dir='ltr'>par-</span> 
     </span>
     <span class='ocr_line' id='line_1_85' title="bbox 1188 1850 1933 1897; baseline 0.005 -12"><span class='ocrx_word' id='word_1_447' title='bbox 1188 1850 1298 1897; x_wconf 85' lang='lat' dir='ltr'>ticipio</span> <span class='ocrx_word' id='word_1_448' title='bbox 1316 1852 1336 1869; x_wconf 70' lang='lat'>¹⁵</span> <span class='ocrx_word' id='word_1_449' title='bbox 1361 1854 1533 1888; x_wconf 84' lang='lat' dir='ltr'>cuiuslibet</span> <span class='ocrx_word' id='word_1_450' title='bbox 1553 1855 1672 1889; x_wconf 88' lang='lat' dir='ltr'>erroris</span> <span class='ocrx_word' id='word_1_451' title='bbox 1697 1855 1761 1889; x_wconf 88' lang='lat' dir='ltr'>iam</span> <span class='ocrx_word' id='word_1_452' title='bbox 1783 1861 1856 1890; x_wconf 86' lang='lat' dir='ltr'>ante</span> <span class='ocrx_word' id='word_1_453' title='bbox 1878 1856 1933 1889; x_wconf 90' lang='lat' dir='ltr'>da-</span> 
     </span>
     <span class='ocr_line' id='line_1_86' title="bbox 1187 1907 1929 1954; baseline 0.007 -15"><span class='ocrx_word' id='word_1_454' title='bbox 1187 1907 1286 1940; x_wconf 87' lang='lat' dir='ltr'>mnati</span> <span class='ocrx_word' id='word_1_455' title='bbox 1310 1908 1411 1940; x_wconf 88' lang='lat' dir='ltr'>teneri</span> <span class='ocrx_word' id='word_1_456' title='bbox 1436 1918 1490 1942; x_wconf 90' lang='lat' dir='ltr'>eos</span> <span class='ocrx_word' id='word_1_457' title='bbox 1510 1909 1722 1954; x_wconf 87' lang='lat' dir='ltr'>convincique</span> <span class='ocrx_word' id='word_1_458' title='bbox 1746 1915 1929 1950; x_wconf 85' lang='lat' dir='ltr'>consorteS‚</span> 
     </span>
     <span class='ocr_line' id='line_1_87' title="bbox 1187 1963 1932 2006; baseline 0.004 -12"><span class='ocrx_word' id='word_1_459' title='bbox 1187 1966 1220 1994; x_wconf 88' lang='lat' dir='ltr'>ut</span> <span class='ocrx_word' id='word_1_460' title='bbox 1243 1966 1408 2005; x_wconf 85' lang='lat' dir='ltr'>tamquam</span> <span class='ocrx_word' id='word_1_461' title='bbox 1429 1972 1465 1995; x_wconf 86' lang='lat' dir='ltr'>ex</span> <span class='ocrx_word' id='word_1_462' title='bbox 1486 1963 1661 2006; x_wconf 83' lang='lat' dir='ltr'>praeterita</span> <span class='ocrx_word' id='word_1_463' title='bbox 1680 1963 1867 1997; x_wconf 86' lang='lat' dir='ltr'>definitione</span> <span class='ocrx_word' id='word_1_464' title='bbox 1884 1963 1932 1997; x_wconf 90' lang='lat' dir='ltr'>iu-</span> 
     </span>
    </p>
   </div>
   <div class='ocr_carea' id='block_1_14' title="bbox 1165 2078 1930 2648">
    <p class='ocr_par' dir='ltr' id='par_1_18' title="bbox 1165 2078 1930 2648">
     <span class='ocr_line' id='line_1_88' title="bbox 1221 2078 1709 2107; baseline 0.006 -3"><span class='ocrx_word' id='word_1_465' title='bbox 1221 2078 1238 2104; x_wconf 83' lang='lat'>6</span> <span class='ocrx_word' id='word_1_466' title='bbox 1258 2088 1270 2102; x_wconf 87' lang='lat'>«</span> <span class='ocrx_word' id='word_1_467' title='bbox 1287 2078 1477 2106; x_wconf 74' lang='lat' dir='ltr'>Veritatem».</span> <span class='ocrx_word' id='word_1_468' title='bbox 1500 2079 1565 2106; x_wconf 88' lang='lat' dir='ltr'>Cod.</span> <span class='ocrx_word' id='word_1_469' title='bbox 1588 2088 1613 2106; x_wconf 91' lang='lat' dir='ltr'>n.</span> <span class='ocrx_word' id='word_1_470' title='bbox 1632 2079 1709 2107; x_wconf 87' lang='lat'>3791.</span> 
     </span>
     <span class='ocr_line' id='line_1_89' title="bbox 1222 2122 1677 2151; baseline 0.004 -2"><span class='ocrx_word' id='word_1_471' title='bbox 1222 2122 1237 2149; x_wconf 91' lang='lat'><strong>7</strong></span> <span class='ocrx_word' id='word_1_472' title='bbox 1255 2131 1266 2147; x_wconf 70' lang='lat' dir='ltr'>&lt;t</span> <span class='ocrx_word' id='word_1_473' title='bbox 1284 2123 1475 2151; x_wconf 82' lang='lat' dir='ltr'>Memoramus</span> <span class='ocrx_word' id='word_1_474' title='bbox 1489 2133 1516 2150; x_wconf 87' lang='lat'>».</span> <span class='ocrx_word' id='word_1_475' title='bbox 1534 2123 1582 2150; x_wconf 90' lang='lat' dir='ltr'>Cit.</span> <span class='ocrx_word' id='word_1_476' title='bbox 1600 2123 1677 2151; x_wconf 86' lang='lat' dir='ltr'>codd.</span> 
     </span>
     <span class='ocr_line' id='line_1_90' title="bbox 1221 2166 1930 2201; baseline 0.004 -8"><span class='ocrx_word' id='word_1_477' title='bbox 1221 2166 1237 2193; x_wconf 91' lang='lat'>8</span> <span class='ocrx_word' id='word_1_478' title='bbox 1254 2176 1266 2191; x_wconf 71' lang='grc' dir='ltr'>(ι</span> <span class='ocrx_word' id='word_1_479' title='bbox 1284 2166 1339 2193; x_wconf 89' lang='lat' dir='ltr'>Hoc</span> <span class='ocrx_word' id='word_1_480' title='bbox 1359 2170 1500 2201; x_wconf 81' lang='lat' dir='ltr'>praetextu</span> <span class='ocrx_word' id='word_1_481' title='bbox 1522 2168 1637 2195; x_wconf 86' lang='lat' dir='ltr'>Ioannes</span> <span class='ocrx_word' id='word_1_482' title='bbox 1657 2168 1799 2195; x_wconf 66' lang='lat' dir='ltr'>Alexandr.</span> <span class='ocrx_word' id='word_1_483' title='bbox 1828 2169 1930 2196; x_wconf 81' lang='lat' dir='ltr'>eiectus</span> 
     </span>
     <span class='ocr_line' id='line_1_91' title="bbox 1168 2210 1472 2243; baseline 0.01 -8"><span class='ocrx_word' id='word_1_484' title='bbox 1168 2218 1169 2243; x_wconf 60' lang='grc'>1</span> <span class='ocrx_word' id='word_1_485' title='bbox 1187 2218 1249 2236; x_wconf 83' lang='lat' dir='ltr'>ann.</span> <span class='ocrx_word' id='word_1_486' title='bbox 1267 2210 1316 2237; x_wconf 83' lang='lat'>481</span> <span class='ocrx_word' id='word_1_487' title='bbox 1338 2221 1360 2236; x_wconf 84' lang='lat'>».</span> <span class='ocrx_word' id='word_1_488' title='bbox 1379 2210 1472 2238; x_wconf 69' lang='lat' dir='ltr'>blansi.</span> 
     </span>
     <span class='ocr_line' id='line_1_92' title="bbox 1221 2254 1757 2290; baseline 0.007 -11"><span class='ocrx_word' id='word_1_489' title='bbox 1221 2254 1237 2279; x_wconf 76' lang='lat'><strong>9</strong></span> <span class='ocrx_word' id='word_1_490' title='bbox 1256 2265 1267 2278; x_wconf 70' lang='grc' dir='ltr'>α</span> <span class='ocrx_word' id='word_1_491' title='bbox 1280 2254 1509 2290; x_wconf 77' lang='lat' dir='ltr'>Quibuscumque</span> <span class='ocrx_word' id='word_1_492' title='bbox 1522 2266 1534 2280; x_wconf 64' lang='lat'>&gt;³</span> <span class='ocrx_word' id='word_1_493' title='bbox 1553 2255 1616 2283; x_wconf 89' lang='lat' dir='ltr'>Cod.</span> <span class='ocrx_word' id='word_1_494' title='bbox 1635 2264 1660 2282; x_wconf 94' lang='grc'>11.</span> <span class='ocrx_word' id='word_1_495' title='bbox 1681 2257 1757 2283; x_wconf 72' lang='grc'><strong>1341.</strong></span> 
     </span>
     <span class='ocr_line' id='line_1_93' title="bbox 1167 2292 1928 2334; baseline 0.003 -8"><span class='ocrx_word' id='word_1_496' title='bbox 1167 2292 1169 2326; x_wconf 69' lang='lat' dir='ltr'>l</span> <span class='ocrx_word' id='word_1_497' title='bbox 1222 2299 1255 2324; x_wconf 86' lang='lat'>10</span> <span class='ocrx_word' id='word_1_498' title='bbox 1279 2310 1290 2323; x_wconf 69' lang='grc' dir='ltr'>α</span> <span class='ocrx_word' id='word_1_499' title='bbox 1303 2300 1361 2326; x_wconf 78' lang='lat' dir='ltr'>t&#39;ur</span> <span class='ocrx_word' id='word_1_500' title='bbox 1376 2299 1504 2334; x_wconf 58' lang='lat' dir='ltr'>mitur».</span> <span class='ocrx_word' id='word_1_501' title='bbox 1518 2300 1582 2327; x_wconf 88' lang='lat' dir='ltr'>Cod.</span> <span class='ocrx_word' id='word_1_502' title='bbox 1597 2301 1695 2329; x_wconf 85' lang='lat' dir='ltr'>Veron.</span> <span class='ocrx_word' id='word_1_503' title='bbox 1717 2309 1776 2328; x_wconf 86' lang='lat' dir='ltr'>cum</span> <span class='ocrx_word' id='word_1_504' title='bbox 1793 2310 1838 2328; x_wconf 90' lang='grc'><strong>1111.</strong></span> <span class='ocrx_word' id='word_1_505' title='bbox 1859 2302 1928 2329; x_wconf 83' lang='lat' dir='ltr'>ferte</span> 
     </span>
     <span class='ocr_line' id='line_1_94' title="bbox 1186 2342 1636 2380; baseline 0.004 -11"><span class='ocrx_word' id='word_1_506' title='bbox 1186 2342 1216 2369; x_wconf 89' lang='lat' dir='ltr'>ad</span> <span class='ocrx_word' id='word_1_507' title='bbox 1234 2347 1301 2370; x_wconf 80' lang='lat' dir='ltr'>orat.</span> <span class='ocrx_word' id='word_1_508' title='bbox 1325 2347 1441 2371; x_wconf 82' lang='lat' dir='ltr'>context.</span> <span class='ocrx_word' id='word_1_509' title='bbox 1460 2344 1549 2371; x_wconf 88' lang='lat' dir='ltr'>minus</span> <span class='ocrx_word' id='word_1_510' title='bbox 1565 2349 1636 2380; x_wconf 84' lang='lat' dir='ltr'>apte.</span> 
     </span>
     <span class='ocr_line' id='line_1_95' title="bbox 1224 2388 1926 2424; baseline 0.006 -11"><span class='ocrx_word' id='word_1_511' title='bbox 1224 2388 1249 2414; x_wconf 89' lang='grc'>11</span> <span class='ocrx_word' id='word_1_512' title='bbox 1276 2397 1286 2413; x_wconf 63' lang='grc'>(1</span> <span class='ocrx_word' id='word_1_513' title='bbox 1300 2389 1462 2416; x_wconf 74' lang='lat' dir='ltr'>Mirabitem</span> <span class='ocrx_word' id='word_1_514' title='bbox 1488 2390 1726 2418; x_wconf 73' lang='lat' dir='ltr'>decolorationem</span> <span class='ocrx_word' id='word_1_515' title='bbox 1746 2400 1769 2417; x_wconf 65' lang='grc'>»1.</span> <span class='ocrx_word' id='word_1_516' title='bbox 1786 2390 1849 2418; x_wconf 80' lang='lat' dir='ltr'>Cod.</span> <span class='ocrx_word' id='word_1_517' title='bbox 1868 2398 1926 2424; x_wconf 67' lang='lat' dir='ltr'>mr,</span> 
     </span>
     <span class='ocr_line' id='line_1_96' title="bbox 1167 2424 1591 2468; baseline 0.005 -10"><span class='ocrx_word' id='word_1_518' title='bbox 1167 2424 1168 2428; x_wconf 16' lang='grc' dir='ltr'><strong>Ἰ</strong></span> <span class='ocrx_word' id='word_1_519' title='bbox 1185 2432 1232 2458; x_wconf 78' lang='lat' dir='ltr'>sed</span> <span class='ocrx_word' id='word_1_520' title='bbox 1254 2441 1405 2468; x_wconf 86' lang='lat' dir='ltr'>perperam,</span> <span class='ocrx_word' id='word_1_521' title='bbox 1427 2437 1455 2460; x_wconf 84' lang='lat' dir='ltr'>ut</span> <span class='ocrx_word' id='word_1_522' title='bbox 1475 2433 1591 2460; x_wconf 86' lang='lat' dir='ltr'>videtur.</span> 
     </span>
     <span class='ocr_line' id='line_1_97' title="bbox 1225 2476 1792 2512; baseline 0.005 -11"><span class='ocrx_word' id='word_1_523' title='bbox 1225 2476 1253 2501; x_wconf 61' lang='lat'>132</span> <span class='ocrx_word' id='word_1_524' title='bbox 1270 2478 1344 2503; x_wconf 80' lang='lat' dir='ltr'>Grat.</span> <span class='ocrx_word' id='word_1_525' title='bbox 1366 2476 1467 2504; x_wconf 85' lang='lat' dir='ltr'>decret.</span> <span class='ocrx_word' id='word_1_526' title='bbox 1485 2477 1603 2504; x_wconf 88' lang='lat' dir='ltr'>distinct.</span> <span class='ocrx_word' id='word_1_527' title='bbox 1621 2484 1692 2512; x_wconf 72' lang='lat' dir='ltr'>xcvi,</span> <span class='ocrx_word' id='word_1_528' title='bbox 1710 2486 1732 2504; x_wconf 91' lang='lat' dir='ltr'>c.</span> <span class='ocrx_word' id='word_1_529' title='bbox 1753 2477 1792 2504; x_wconf 68' lang='lat'>12.</span> 
     </span>
     <span class='ocr_line' id='line_1_98' title="bbox 1222 2522 1743 2558; baseline 0.002 -10"><span class='ocrx_word' id='word_1_530' title='bbox 1222 2522 1253 2548; x_wconf 84' lang='grc'>13</span> <span class='ocrx_word' id='word_1_531' title='bbox 1274 2522 1338 2549; x_wconf 66' lang='lat' dir='ltr'>[lod.</span> <span class='ocrx_word' id='word_1_532' title='bbox 1361 2522 1418 2550; x_wconf 77' lang='lat' dir='ltr'>Vat.</span> <span class='ocrx_word' id='word_1_533' title='bbox 1435 2523 1504 2550; x_wconf 87' lang='lat'>3883</span> <span class='ocrx_word' id='word_1_534' title='bbox 1520 2523 1743 2558; x_wconf 79' lang='lat' dir='ltr'>principalibus.</span> 
     </span>
     <span class='ocr_line' id='line_1_99' title="bbox 1224 2566 1774 2602; baseline 0.002 -9"><span class='ocrx_word' id='word_1_535' title='bbox 1224 2567 1253 2593; x_wconf 71' lang='lat' dir='ltr'>tt</span> <span class='ocrx_word' id='word_1_536' title='bbox 1270 2566 1333 2593; x_wconf 81' lang='lat' dir='ltr'>eod.</span> <span class='ocrx_word' id='word_1_537' title='bbox 1352 2567 1450 2594; x_wconf 81' lang='lat' dir='ltr'>Veron.</span> <span class='ocrx_word' id='word_1_538' title='bbox 1468 2567 1578 2602; x_wconf 81' lang='lat' dir='ltr'>corrigit</span> <span class='ocrx_word' id='word_1_539' title='bbox 1593 2567 1774 2595; x_wconf 77' lang='lat' dir='ltr'>inconvictos.</span> 
     </span>
     <span class='ocr_line' id='line_1_100' title="bbox 1165 2610 1905 2648; baseline 0.003 -11"><span class='ocrx_word' id='word_1_540' title='bbox 1165 2611 1168 2647; x_wconf 82' lang='grc' dir='ltr'>Ι</span> <span class='ocrx_word' id='word_1_541' title='bbox 1224 2610 1255 2637; x_wconf 88' lang='grc'>15</span> <span class='ocrx_word' id='word_1_542' title='bbox 1275 2611 1324 2639; x_wconf 89' lang='lat' dir='ltr'>Cit.</span> <span class='ocrx_word' id='word_1_543' title='bbox 1343 2611 1402 2639; x_wconf 86' lang='lat' dir='ltr'>eod.</span> <span class='ocrx_word' id='word_1_544' title='bbox 1421 2611 1488 2639; x_wconf 71' lang='lat'>1344</span> <span class='ocrx_word' id='word_1_545' title='bbox 1507 2615 1581 2640; x_wconf 83' lang='lat' dir='ltr'>recte</span> <span class='ocrx_word' id='word_1_546' title='bbox 1600 2620 1652 2639; x_wconf 78' lang='lat' dir='ltr'>nec</span> <span class='ocrx_word' id='word_1_547' title='bbox 1669 2612 1905 2648; x_wconf 77' lang='lat' dir='ltr'>participatione.</span> 
     </span>
    </p>
   </div>
   <div class='ocr_carea' id='block_1_15' title="bbox 1168 401 1182 2213">
    <p class='ocr_par' dir='ltr' id='par_1_19' title="bbox 1168 401 1182 2213">
     <span class='ocr_line' id='line_1_101' title="bbox 1168 401 1182 2213; baseline 0 0"><span class='ocrx_word' id='word_1_548' title='bbox 1168 401 1182 2213; x_wconf 95' lang='lat' dir='ltr'> </span> 
     </span>
    </p>
   </div>
   <div class='ocr_carea' id='block_1_16' title="bbox 1950 852 2134 926">
    <p class='ocr_par' dir='ltr' id='par_1_20' title="bbox 1950 852 2134 926">
     <span class='ocr_line' id='line_1_102' title="bbox 2011 852 2134 878; baseline 0 -5"><span class='ocrx_word' id='word_1_549' title='bbox 2011 852 2134 878; x_wconf 79' lang='lat' dir='ltr'>liuperatori</span> 
     </span>
     <span class='ocr_line' id='line_1_103' title="bbox 1950 880 2134 906; baseline 0.011 -8"><span class='ocrx_word' id='word_1_550' title='bbox 1950 884 2005 904; x_wconf 85' lang='lat' dir='ltr'>quae</span> <span class='ocrx_word' id='word_1_551' title='bbox 2019 880 2134 906; x_wconf 79' lang='lat' dir='ltr'>praecipue</span> 
     </span>
     <span class='ocr_line' id='line_1_104' title="bbox 1950 905 2080 926; baseline 0 0"><span class='ocrx_word' id='word_1_552' title='bbox 1950 905 2080 926; x_wconf 80' lang='lat' dir='ltr'>obiicienda.</span> 
     </span>
    </p>
   </div>
   <div class='ocr_carea' id='block_1_17' title="bbox 2207 787 2228 1045">
    <p class='ocr_par' dir='ltr' id='par_1_21' title="bbox 2207 787 2228 1045">
     <span class='ocr_line' id='line_1_105' title="bbox 2207 787 2228 1045; textangle 90"><span class='ocrx_word' id='word_1_553' title='bbox 2207 821 2228 1045; x_wconf 48' lang='grc' dir='ltr'>ἐμν-μ..1-ι«,,.·</span> <span class='ocrx_word' id='word_1_554' title='bbox 2213 787 2220 796; x_wconf 62' lang='grc' dir='ltr'>ι</span> 
     </span>
    </p>
   </div>
   <div class='ocr_carea' id='block_1_18' title="bbox 2208 1048 2233 1432">
    <p class='ocr_par' dir='ltr' id='par_1_22' title="bbox 2208 1048 2233 1432">
     <span class='ocr_line' id='line_1_106' title="bbox 2208 1048 2233 1432; textangle 90"><span class='ocrx_word' id='word_1_555' title='bbox 2211 1415 2222 1432; x_wconf 36' lang='grc' dir='ltr'>Α·</span> <span class='ocrx_word' id='word_1_556' title='bbox 2216 1386 2226 1397; x_wconf 75' lang='lat'><strong>.</strong></span> <span class='ocrx_word' id='word_1_557' title='bbox 2212 1296 2233 1376; x_wconf 50' lang='lat' dir='ltr'>&#39;‘U—“f</span> <span class='ocrx_word' id='word_1_558' title='bbox 2208 1182 2229 1283; x_wconf 44' lang='lat' dir='ltr'>&lt;ay-⁷⁴74..</span> <span class='ocrx_word' id='word_1_559' title='bbox 2212 1166 2215 1167; x_wconf 51' lang='lat'>¹</span> <span class='ocrx_word' id='word_1_560' title='bbox 2216 1149 2220 1153; x_wconf 52' lang='grc' dir='ltr'><em>ν</em></span> <span class='ocrx_word' id='word_1_561' title='bbox 2211 1048 2233 1135; x_wconf 47' lang='grc' dir='ltr'>’,πρ-μὲν</span> 
     </span>
    </p>
   </div>
   <div class='ocr_carea' id='block_1_19' title="bbox 2227 0 2244 2943">
    <p class='ocr_par' dir='ltr' id='par_1_23' title="bbox 2227 0 2244 2943">
     <span class='ocr_line' id='line_1_107' title="bbox 2227 0 2244 2943; baseline 0 0"><span class='ocrx_word' id='word_1_562' title='bbox 2227 0 2244 2943; x_wconf 95' lang='lat' dir='ltr'> </span> 
     </span>
    </p>
   </div>
  </div>
 </body>
</html>
