2244 3209
1147 235 1191 241 —
1218 224 1281 250 vni
1307 234 1356 240 ——

475 289 639 330 riantur.
673 287 778 328 llinc
808 286 928 337 igitur
956 291 990 325 et
1024 284 1061 324 in
1094 280 1295 333 praesenti
1325 293 1492 333 quoque
1521 280 1751 322 miserrima
1774 281 1872 323 heu!
1903 296 2044 324 rerum

474 359 720 402 conditione,
742 362 820 408 qua
842 354 979 397 omnia
1005 366 1158 405 susque
1176 352 1309 404 deque
1326 358 1543 394 vertuntur
1572 358 1610 394 et
1638 351 1690 393 ab
1719 352 1818 404 ipsis
1848 352 2044 395 radicitus

473 428 745 471 fundamentis
777 427 982 467 humanae
1015 424 1242 465 Potestates
1275 424 1492 465 submotae
1522 422 1828 469 concutiuntur,
1857 423 1898 465 in
1929 438 2044 475 spem

473 511 661 550 magnam
698 496 891 547 erigimur
918 494 1168 536 admirantes
1197 493 1407 545 quomodo
1444 493 1563 535 firma
1598 500 1762 535 maneat
1797 493 2046 536 solidissima

472 569 591 611 Petra
617 581 739 618 super
760 580 883 617 quam
906 565 1118 607 universae
1139 563 1396 607 Christianae
1416 564 1684 616 Reipublicae
1715 570 1922 607 structura
1951 578 2044 607 con-

472 638 617 689 surgit,
647 636 854 688 quomodo
884 635 1077 677 fluctibus
1100 634 1343 677 universalis
1363 634 1505 677 diluvii
1535 649 1677 677 secura
1708 634 1886 677 emineat
1914 642 1953 678 et
1981 651 2044 678 su-

472 709 695 761 perferatur
723 707 840 758 aquis
867 706 975 748 Arca
996 705 1127 755 Petri,
1148 706 1189 747 in
1211 719 1293 758 qua
1313 712 1477 748 aeterna
1498 706 1660 748 suturae
1679 705 1904 758 aliquando
1934 720 2042 759 rege-

471 778 690 821 nerationis
718 777 875 819 semina
903 776 1206 819 custodiuntur.
1228 776 1355 819 Sedes
1376 777 1529 830 quippe
1549 777 1618 820 illa
1638 784 1761 829 caput
1789 783 1850 820 est
1877 777 2042 820 mundi:

471 850 565 892 inde
592 848 685 891 novi
705 862 843 890 rerum
866 847 1021 890 ordinis
1041 848 1299 890 instaurandi
1320 848 1523 891 sumenda
1543 855 1665 891 erunt
1683 848 1886 900 auspicia;
1916 848 2046 900 ipsius

471 919 640 962 firmitas
667 920 911 961 inconcussa
932 924 1086 961 ceteras
1106 918 1335 962 Potestates
1356 919 1565 969 solidabit;
1586 919 1655 961 illa
1675 919 1826 972 sospite
1851 919 1951 962 salvi
1980 934 2045 962 su-

470 1006 574 1034 mus.
603 991 682 1033 Alii
712 990 833 1042 igitur
861 989 939 1031 alia
968 996 1232 1042 pertractent,
1261 989 1329 1032 alii
1364 990 1453 1033 aliis
1487 990 1758 1041 delectentur;
1796 991 1876 1033 hoc
1911 1004 2045 1034 unum

469 1062 587 1105 nobis
615 1061 727 1104 cordi
755 1067 815 1104 est
841 1060 1075 1104 istiusmodi
1102 1061 1216 1105 Actis
1245 1061 1472 1104 Pontificiis
1503 1062 1728 1113 inhaerere,
1757 1061 1826 1104 illa
1853 1067 2048 1106 nocturna

470 1147 622 1176 versare
649 1146 786 1181 manu,
814 1145 971 1175 versare
997 1131 1160 1175 diurna.

522 1203 586 1246 En
614 1203 690 1245 ista
718 1202 819 1245 dum
847 1202 1058 1255 loquimur
1087 1203 1443 1246 decimusoctavus
1472 1203 1732 1246 centenarius
1766 1217 1903 1246 annus
1942 1203 2046 1246 evol-

470 1275 577 1317 vitur
611 1288 660 1317 ex
689 1287 770 1326 quo
799 1272 849 1316 D.
879 1273 1029 1316 Petrus
1058 1288 1248 1316 summus
1283 1273 1582 1326 Apostolorum
1619 1273 1819 1326 Princeps
1857 1274 2047 1327 Capitoli-

470 1359 566 1387 nam
594 1359 729 1387 arcem
764 1344 857 1387 divo
892 1345 1094 1397 sanguine
1127 1344 1400 1394 consecravit,
1431 1343 1572 1396 ibique
1606 1344 1669 1386 sui
1702 1344 1869 1396 Imperii
1906 1345 2048 1387 sedem

471 1415 876 1459 intransmutabiliter
905 1414 1053 1458 defixit.
1085 1414 1165 1463 Qui
1194 1428 1329 1457 annus
1357 1414 1455 1457 felix
1481 1414 1725 1466 faustusque
1753 1421 1895 1457 nostro
1925 1415 2047 1458 etiam

470 1487 630 1539 incepto
672 1487 776 1529 hene
814 1486 1065 1538 feliciterque
1104 1485 1330 1535 ominatur;
1367 1492 1406 1528 et
1442 1498 1572 1527 novas
1605 1485 1689 1526 iam
1725 1485 1884 1527 addidit
1918 1485 2047 1537 vires,

471 1571 702 1609 novamque
736 1557 954 1599 iuventam.
984 1556 1149 1599 Etenim
1183 1543 1378 1599 volumen
1408 1556 1590 1608 primum
1619 1556 1855 1609 Appendices
1884 1557 2044 1599 tamdiu

473 1627 747 1670 desideratum
777 1642 826 1670 en
856 1628 1020 1670 tandem
1042 1627 1177 1680 prodit
1196 1628 1237 1670 in
1258 1627 1411 1677 lucem;
1432 1627 1544 1670 brevi
1566 1626 1783 1669 absolutus
1803 1627 1879 1669 erit
1907 1633 2046 1670 tomus

474 1697 716 1740 undecimus
744 1696 928 1744 Bullarii,
957 1711 1080 1749 quem
1109 1696 1180 1739 SS.
1202 1697 1250 1739 D.
1273 1696 1324 1739 N.
1354 1696 1431 1739 Pio
1463 1696 1603 1749 Papae
1631 1696 1694 1738 IX
1722 1696 1774 1738 ad
1804 1697 1930 1749 pedes
1959 1696 2048 1741 eius

475 1767 675 1819 provoluti
704 1782 778 1810 nos
806 1768 883 1820 ipsi
917 1767 958 1810 in
989 1768 1178 1820 proxima
1212 1767 1252 1810 S.
1284 1767 1397 1810 Petri
1430 1767 1663 1810 centenaria
1691 1767 1923 1814 festivitate,
1957 1782 2045 1820 pro-

475 1838 571 1891 pitio
601 1838 712 1885 Deo,
747 1838 922 1881 oblaturi
960 1853 1121 1889 sumuS,
1162 1845 1202 1881 et
1243 1838 1413 1891 insuper
1453 1838 1751 1880 duodecimum
1787 1837 1914 1880 altero
1950 1838 2049 1881 anni

475 1909 656 1951 eiusdem
687 1909 853 1951 dimidio
883 1910 1002 1952 edere
1022 1923 1259 1962 speramus;
1285 1909 1387 1952 dum
1416 1908 1606 1951 alacriter
1634 1908 1925 1951 adlaborantes
1953 1908 2048 1951 alte-

476 1993 569 2021 rum
604 1993 767 2032 quoque
800 1980 1031 2032 Appendicis
1063 1980 1259 2023 volumen
1292 1979 1397 2022 Acta
1432 1979 1620 2031 Gregorii
1655 1978 1797 2032 Magni
1833 1979 2048 2022 continens

475 2050 758 2102 insequentem
787 2050 828 2093 in
857 2065 1012 2093 annum
1042 2051 1250 2094 edendum
1279 2064 1487 2104 paramus.

528 2119 606 2162 His
640 2120 755 2162 dictis
783 2121 966 2163 animum
999 2122 1123 2173 erige,
1157 2122 1306 2165 Lector
1341 2122 1536 2174 benigne;
1570 2120 1784 2173 promissis
1813 2134 2048 2170 manemus;

476 2198 615 2233 nostra
643 2205 725 2233 non
755 2191 888 2234 deficit
918 2192 1030 2243 fides,
1051 2207 1134 2235 non
1155 2193 1356 2236 minuitur
1374 2193 1500 2245 vigor.
1522 2191 1604 2235 Sed
1633 2192 1808 2238 interim,
1836 2191 1949 2243 quod
1974 2204 2048 2243 pro

477 2261 631 2303 viribus
660 2262 755 2304 dare
784 2262 1008 2314 potuimus,
1038 2264 1134 2307 boni
1164 2264 1377 2315 consulas,
1407 2278 1598 2317 quaeque
1627 2264 1725 2306 dare
1753 2262 2049 2316 promittimus,

478 2332 683 2384 paulisper
711 2334 886 2385 expecta.
915 2333 1026 2377 Vale.

635 2499 786 2536 Augustae
806 2499 1011 2537 Taurinorum,
1033 2510 1071 2529 xv
1094 2501 1159 2529 Kal.
1183 2501 1336 2530 Februarii
1356 2510 1403 2530 an.
1427 2511 1604 2530 uncccnxvn

558 2556 614 2585 Die
634 2556 722 2586 Festo
743 2556 908 2586 cathedrae
929 2556 957 2585 S.
979 2557 1058 2587 Petri
1080 2558 1213 2598 Apostoli
1234 2568 1293 2597 qua
1314 2559 1440 2597 primum
1461 2559 1574 2588 Romae
1594 2558 1679 2588 sedit.
