2244 3183
96 203 149 231 An.
170 203 198 231 C.
217 203 266 231 521

116 481 137 500 ln
149 480 186 500 bos
199 479 279 500 utimi-

95 507 168 528 cordia
174 512 280 533 nunquam

95 534 224 555 adhibenda.

119 1227 196 1247 Horum
212 1232 275 1248 cano-

91 1259 139 1274 num
155 1254 244 1275 utititas.

876 203 901 226 S¹
931 200 1094 227 RORMISDA
1120 201 1129 226 1
1155 202 1200 226 PP.

295 256 353 293 est,
382 256 416 285 ut
440 251 517 285 dum
545 251 590 285 eis
608 251 788 285 secundum
816 250 964 284 omnium
983 260 1039 284 ca-

295 314 419 338 nonum
434 310 554 339 statuta
568 304 726 338 redeundi
741 304 780 338 ad
794 304 952 338 bonorem
967 303 1039 337 adi-

297 364 346 393 tus
378 359 564 400 clauditur,
605 360 734 393 tandein
767 358 944 403 aliquando
977 364 1040 392 tam

295 413 385 456 gravi
418 414 505 447 malo
537 414 610 448 finis
646 424 808 457 congruus
841 413 1038 457 imponatur.

295 469 376 509 Quia
397 470 544 514 quando,
569 469 700 504 diabolo
725 468 960 514 persuadente,
984 466 1041 500 ali·

295 522 352 567 qui
377 523 572 557 clericorum
595 523 627 556 in
648 522 780 566 aliquod
804 526 986 566 peccatum,
1011 526 1041 554 et

293 575 471 620 praecipue
504 576 535 609 in
565 575 760 610 adulterium
797 575 877 619 lapsi
907 574 1037 615 suerint,

294 638 391 672 quam
417 629 543 673 expedit
578 630 616 662 de
649 629 818 662 animabus
842 633 960 661 statuta
982 638 1037 661 ca-

292 693 417 716 nonum
444 683 603 726 cogitant¹
620 711 627 723 ,
659 693 718 727 per
742 682 853 716 salsam
884 682 1037 726 pletatem

293 736 338 770 ita
364 738 439 770 totis
465 737 587 770 viribus
615 737 796 778 elaborant,
831 741 866 769 ut
895 741 949 769 aut
980 746 1038 769 nec

294 790 465 824 mittantur
481 791 513 824 in
532 790 748 824 monasteriis.
765 790 796 824 Si
816 795 935 830 autem,
953 795 1038 824 certe

292 850 365 888 post
391 854 454 878 non
482 845 614 887 longum
638 849 765 888 tempus
791 842 1039 888 importunitate

292 898 404 939 nimia,
440 904 470 931 et
499 897 689 942 disciplinae
719 897 957 932 ecclesiasticae
979 896 1039 930 ini-

292 951 387 992 mica,
412 957 606 996 extorquere
638 957 807 991 conantur,
842 956 876 983 ut
904 950 1038 984 redeant

291 1005 331 1038 ad
350 1005 522 1039 honorem.

336 1058 394 1099 Qui
424 1058 606 1092 chartulam
634 1059 727 1092 istam
750 1069 822 1091 cum
850 1058 1033 1103 suprascri-

290 1111 353 1156 ptis
374 1111 475 1146 titulis
496 1122 659 1145 canonum
680 1122 745 1145 non
768 1111 860 1146 suerit
884 1122 1037 1156 asperna-

293 1172 364 1207 tus,
399 1176 459 1199 nec
491 1176 561 1199 eam
588 1176 646 1210 pro
675 1165 854 1199 rusticitate
876 1166 1037 1199 sermonis

292 1219 485 1264 despexerit,
509 1225 623 1254 contra
637 1219 786 1253 inimicos
801 1219 1036 1253 ecclesiasticae

293 1273 426 1316 regulae
456 1273 594 1307 multum
625 1283 697 1306 euru
727 1273 849 1318 poterit
869 1273 1033 1314 adiuvare,

291 1334 325 1360 ut
349 1327 454 1361 libera
478 1328 583 1361 fronte
609 1327 705 1368 dicat,
730 1328 811 1361 sicut
842 1328 904 1360 iam
923 1339 1037 1372 supra-

289 1381 447 1425 scriptum
474 1387 531 1420 est,
560 1392 593 1414 se
615 1386 728 1415 contra
749 1387 812 1414 tam
834 1391 899 1415 sani
914 1387 960 1415 tas
982 1392 1037 1414 an-

290 1434 456 1478 tiquorum
483 1435 613 1468 Patrum
651 1435 897 1469 constitutiones
928 1435 1054 1469 venire

292 1487 477 1521 nullatenus
502 1498 607 1532 posse.
636 1488 702 1532 Ego
727 1489 806 1522 baec
837 1500 910 1522 cuni
947 1489 1036 1522 omni

290 1541 473 1575 humilitate
491 1552 667 1585 suggerens
687 1543 817 1576 absolvo
835 1543 921 1587 apud
934 1543 1033 1577 Deum

290 1595 521 1629 conscientiam
544 1605 661 1629 meam.
690 1596 894 1640 Quicumque
927 1602 1034 1630 autem

290 1654 344 1682 aut
374 1649 633 1694 importunitate,
668 1656 724 1684 aut
754 1650 952 1691 adulatione,
982 1656 1037 1684 aut

327 1785 337 1809 1
360 1783 447 1810 Locus
467 1782 510 1810 bic
524 1783 550 1810 iu
568 1792 631 1810 mss.
650 1783 727 1811 valde
743 1788 887 1820 corruptus
907 1785 944 1811 ita
959 1784 1033 1812 vide-

290 1831 334 1854 tur
354 1827 556 1856 emendandus:
579 1829 652 1861 Quz'a
669 1829 785 1864 quando
801 1830 898 1864 aliqui
913 1830 1032 1857 clerico-

290 1880 354 1899 rum
368 1894 430 1900 ......
445 1872 521 1908 lapsi
538 1873 660 1908 fuerint,
677 1882 766 1909 quam
786 1875 896 1909 expedit
916 1875 949 1901 cte
963 1875 1032 1902 ani-

289 1918 387 1946 mabus
403 1919 487 1946 iuxta
502 1921 611 1947 statuta
628 1927 773 1947 canonum
789 1920 927 1955 coyitant,
944 1923 969 1946 et
978 1928 1032 1955 per

1455 220 1462 227 ,
1724 197 1788 230 457

1077 250 1161 284 salsis
1186 251 1419 286 blandimentis
1444 252 1617 287 inclinatus
1649 254 1761 295 suerit,
1790 261 1823 288 ut

1078 315 1247 339 censuram
1280 307 1515 342 ecclesiasticae
1543 307 1733 353 disciplinae
1757 319 1823 343 non

1078 364 1195 399 teneat,
1231 359 1335 394 videat
1362 361 1501 405 qualiter
1520 372 1554 395 se
1574 368 1648 396 ante
1680 362 1822 397 tribunal

1077 412 1190 446 Christi
1206 414 1365 458 expediat,
1390 415 1445 448 ubi
1467 420 1580 449 contra
1601 426 1674 449 eum
1696 426 1819 457 omncs,

1077 465 1131 510 qui
1157 476 1298 501 canones
1318 473 1512 509 statuerunt,
1537 480 1649 503 causas
1666 475 1739 503 sunt
1753 469 1823 503 sine

1077 519 1142 553 ulla
1167 519 1370 555 dubitatione
1392 521 1522 556 dicturi.
1547 523 1580 556 In
1603 533 1743 567 quorum
1763 524 1821 558 do-

1078 572 1240 607 minorum
1257 584 1404 608 meorum
1423 576 1631 610 sacerdotum
1651 576 1800 611 manibus
1813 576 1822 593 ἵ

1076 625 1224 661 chartula
1249 627 1307 661 ista
1324 629 1520 672 pervenerit,
1543 630 1568 663 si
1590 640 1660 664 eam
1686 630 1757 663 aliis
1774 641 1823 664 sa-

1075 679 1261 715 cerdotibus
1279 691 1343 715 non
1369 682 1475 716 solum
1508 683 1547 716 ad
1572 683 1748 726 legendum
1774 685 1822 717 os-

1063 733 1169 779 serre,
1187 735 1352 768 sedetiam
1368 735 1515 779 ingerere
1540 738 1821 772 transcribendam

1075 788 1262 829 noluerint,
1293 789 1426 824 timeant
1456 801 1496 824 ne
1526 791 1600 825 iude
1630 791 1769 825 reddant
1789 792 1821 825 in

1075 841 1125 874 die
1147 841 1257 876 iudicii
1279 843 1450 877 rationem.
1476 844 1538 878 Nec
1560 845 1640 879 illud
1658 845 1821 880 credimus

1073 895 1303 937 omittendum,
1328 903 1360 930 ut
1385 897 1435 938 iis,
1460 898 1515 942 qui
1533 909 1594 943 pro
1615 899 1736 933 scelere
1761 910 1820 933 suo

1073 959 1090 981 a
1114 948 1334 993 praesidibus,
1370 961 1425 984 scu
1452 962 1468 984 a
1497 952 1678 986 rectoribus
1707 953 1819 997 populi

1072 1001 1193 1035 suerint
1213 1002 1400 1048 interempti
1419 1010 1446 1037 et
1470 1006 1671 1050 sepulturam
1694 1006 1725 1039 in
1749 1017 1820 1041 coe·

1073 1056 1209 1090 nieterio
1235 1056 1486 1091 cluistianorurn
1516 1058 1660 1101 habere,
1689 1067 1717 1094 et
1740 1061 1820 1095 offc-

1071 1110 1211 1144 rentium
1225 1122 1285 1156 pro
1300 1111 1376 1156 ipsis
1398 1111 1581 1146 oblationes
1599 1114 1686 1147 iuxta
1703 1120 1821 1148 statuta

1071 1175 1233 1198 sanonum
1269 1165 1450 1199 iudicamus
1481 1166 1645 1200 licentiam
1671 1178 1735 1201 uon
1758 1179 1816 1202 nc-

1071 1218 1152 1261 gari.
1178 1219 1358 1253 Violatores
1380 1230 1455 1253 vcro
1476 1220 1642 1265 sepulchri
1662 1222 1736 1255 licet
1763 1234 1820 1256 au-

1071 1278 1241 1315 gustorum
1269 1273 1455 1318 principum
1484 1274 1666 1318 capitaliter
1686 1276 1820 1310 damnet

1070 1327 1246 1364 sententia.
1273 1334 1379 1361 tamen
1401 1329 1425 1361 si
1448 1329 1502 1373 qui
1526 1329 1558 1362 in
1587 1330 1649 1363 boc
1675 1330 1819 1364 facinore

1071 1380 1189 1414 fuerint
1222 1381 1340 1426 reperti
1365 1382 1566 1427 superstites,
1601 1383 1640 1415 ab
1667 1384 1818 1417 ecclcsia—

1052 1435 1149 1489 ¹stica
1171 1436 1403 1470 commuuione
1424 1437 1610 1481 priventurj,
1634 1438 1708 1481 quia
1730 1438 1817 1471 nefas

1052 1490 1128 1529 'est‚
1154 1495 1186 1522 ut
1208 1489 1253 1523 eis
1274 1489 1525 1523 christi-anorum
1548 1501 1613 1524 non
1643 1491 1816 1525 obseretur

1071 1543 1284 1583 consortium,
1308 1543 1363 1587 qui
1386 1543 1576 1578 temeritatis
1596 1555 1676 1578 ausu
1694 1545 1812 1578 buma-

1072 1602 1176 1629 torum
1211 1596 1335 1630 cineres
1364 1597 1499 1632 reddere
1527 1604 1815 1642 praesumpserunt

1070 1649 1245 1694 inquietos.

1067 1786 1174 1820 falsam
1188 1786 1325 1820 pietatem
1341 1787 1384 1813 ita
1400 1786 1466 1814 colis
1480 1787 1592 1814 viribus
1603 1786 1765 1821 elaborant,
1784 1790 1813 1814 ut

1067 1834 1118 1859 aut
1134 1838 1182 1858 nec
1202 1830 1231 1857 in
1253 1832 1432 1860 monasteria
1452 1831 1620 1861 titillantur:
1640 1831 1730 1858 aulsi
1745 1831 1812 1858 illuc

1068 1875 1148 1903 missi
1158 1875 1282 1910 suerint,
1294 1878 1369 1903 certe
1378 1879 1441 1910 post
1453 1883 1509 1903 non
1526 1876 1641 1911 longum
1654 1879 1811 1911 tempus...-

1101 1919 1117 1945 2
1133 1919 1237 1956 Corrig.
1258 1927 1362 1947 titanus
1377 1920 1444 1948 iuxt.
1462 1924 1566 1955 syntax.

866 2210 1236 2277 &UD-O

387 2678 462 2715 App.
483 2678 562 2706 Βιιῑῑ.
580 2678 663 2706 nom.
683 2693 714 2699 —
736 2677 795 2706 Vol.
817 2677 841 2706 1.

1853 207 1902 235 An.
1924 208 1951 234 C.
1972 207 2018 235 52t

1875 644 1966 664 t'n-natc
1982 651 2021 664 nvn

1838 672 1996 692 contemnendi.

1849 911 1922 936 Capito
1934 912 2021 932 ‹lanma-

1835 940 1860 957 lt*
1874 939 2020 959 eri-temsuca

1835 966 1951 990 squinum,
1961 968 1978 985 at
1992 966 2021 984 ιΙι-

1836 997 1883 1011 xina
1913 993 2019 1012 fiasrifit'ld

1835 1024 1875 1039 nun
1889 1019 1994 1043 iteranda.

1874 1340 1896 1359 Ni
1914 1342 1966 1359 turta
1983 1346 2019 1359 ‹e-

1833 1367 1916 1392 pulv-bri
1929 1368 2018 1387 uiolati..

1832 1399 1866 1415 1¹0>
1881 1396 1996 1414 extiterint,
