2244 3183
48 209 100 238 An.
116 209 148 238 G.
165 207 218 237 535

98 1071 176 1092 Eorum
191 1075 241 1097 erga

57 1098 79 1121 S.
87 1098 242 1125 A.obsequium

56 1125 138 1147 laudat.

845 203 872 228 S.
900 201 1063 227 AGAPETL'S
1089 203 1099 227 1
1124 203 1175 227 Pr.

247 255 412 291 charitatis
433 260 557 289 vestrae
571 255 610 289 ad
627 254 912 299 praedecessorem
926 262 988 285 no-

246 315 351 344 strum
376 310 466 343 datas
485 306 702 353 accepimus¹,
725 307 852 351 pridem
874 305 993 348 gaudia

248 369 407 409 concepta
430 373 636 404 renovamus,
667 360 896 395 benedicentes
923 359 989 392 Do-

248 417 374 451 minum
398 417 652 461 sempiternum,
675 416 734 460 qui
763 413 915 447 liberarit
935 423 993 445 nos

248 472 287 505 ab
304 471 452 505 inimicis
465 471 596 511 nostris,
611 474 639 502 et
656 469 694 502 dc
712 478 810 502 manu
829 467 989 507 omnium,

249 526 309 570 qui
328 535 386 558 nos
406 522 577 557 odermzt².
602 522 776 556 Vobiscum
797 520 883 554 enim
905 525 993 554 recte

250 589 309 612 nos
334 578 473 612 dicimus
489 577 510 618 ³,
538 587 611 610 cum
630 576 749 620 quibus
770 580 800 609 et
814 574 825 591 ⁴
849 573 993 608 tribulati

251 642 372 665 sumus.
403 631 484 664 Nam
505 640 579 664 cum
604 640 706 663 unum
736 638 853 672 corpus
873 627 995 671 ubique

251 685 291 719 sit
310 684 470 725 Ecclesia,
495 690 525 717 et
545 684 631 728 apud
651 694 711 717 nos
730 682 884 727 quoque⁵
906 681 995 726 prin-

253 738 369 784 cipalia
411 737 693 782 compatiebantur
735 742 766 770 et
789 737 799 753 ‘³
834 736 991 770 membra.

253 793 363 826 Vester
383 792 469 826 enim
495 801 626 825 moeror
646 796 756 824 nostra
785 790 845 824 suit
868 800 997 834 semper

253 846 395 888 afflictio,
412 851 442 880 et
456 846 495 880 de
510 850 689 879 vestrorum
708 843 855 878 omnium
873 843 997 886 gemitu

254 901 435 945 imperante
453 899 607 933 charitate
625 898 798 932 visceribus
815 898 998 942 frequenta-

255 955 371 988 bamus
401 963 498 997 saepe
522 952 693 995 singultus.
729 951 815 991 Quae
847 962 921 985 cum
953 951 998 985 ita

256 1008 329 1049 sint,
342 1006 554 1041 redeuntibus
563 1005 637 1040 Caio
652 1006 786 1039 etPetro
801 1005 955 1039 fratribus
967 1010 998 1038 et

256 1060 458 1105 coepiscopis
475 1059 604 1100 nostris,
625 1065 722 1103 atque
738 1058 889 1092 Liberato
901 1058 910 1074 ⁷
931 1058 998 1092 dia-

257 1125 340 1149 cono
365 1114 433 1148 filio
457 1119 585 1155 nostro,
608 1112 801 1158 proferimus
821 1111 1000 1146 sincerissi-

258 1179 344 1203 mam
362 1168 489 1203 consilii
501 1167 598 1202 vestri
612 1166 812 1200 charitatem:
830 1166 996 1210 quoniam,

257 1223 341 1257 sicut
360 1228 391 1256 et
409 1221 571 1266 sapientes
591 1221 696 1255 facere
720 1220 857 1254 decebat
881 1225 912 1253 et
936 1220 998 1253 do-

258 1283 337 1318 ctos,
358 1276 409 1310 et⁸
427 1275 638 1309 immemores
654 1275 856 1319 principatus
870 1279 1000 1319 aposto-

257 1329 311 1364 lici
336 1339 402 1363 non
434 1328 552 1363 fuistis:
581 1328 636 1362 sed
662 1328 862 1372 quaestionis
892 1327 1001 1362 illatae

256 1384 401 1418 volentes
419 1384 547 1417 vincula
569 1383 756 1424 dissolvere,
774 1383 814 1416 ab
834 1382 902 1416 eius
920 1382 1002 1416 Sede

258 1437 472 1483 requisivistis
492 1437 589 1481 (sicut
614 1437 762 1480 decebat)
787 1436 922 1477 aditum,
951 1436 1002 1470 cui

257 1496 402 1537 potestas
423 1490 493 1524 est⁹
512 1490 637 1524 indulta
661 1491 888 1524 claustrorum.
912 1489 1003 1523 Unde

258 1555 318 1579 nos
334 1555 382 1585 ea,
403 1555 486 1588 quae
507 1543 876 1588 deeiusmodiu'negotio
897 1543 929 1576 in
946 1554 1003 1587 pe-

259 1598 437 1632 netralibus
460 1604 589 1642 patrum
617 1597 792 1631 constituta
813 1602 1004 1641 posuerunt,

259 1652 398 1687 libenter
421 1652 596 1697 aperimus,
621 1658 652 1686 et
675 1651 901 1696 praesentibus
926 1651 1004 1684 allo-

260 1706 345 1751 quiis
366 1707 520 1740 translata
537 1705 771 1747 subnectimus,
794 1711 829 1739 ut
852 1705 921 1739 sine
945 1705 1005 1739 du-

260 1759 418 1793 bitatione
443 1760 571 1804 possitis
595 1770 781 1803 agnoscere,
819 1759 1004 1793 transcendi

261 1813 383 1857 positos
414 1813 605 1847 iamdudum
627 1813 783 1848 terminos
802 1823 868 1847 non
892 1813 1001 1847 licere.

261 1868 384 1912 ltaque,
411 1867 437 1902 si
461 1867 561 1901 vitare
580 1868 730 1902 volumus
756 1867 1001 1909 offendiculum,

300 1994 310 2020 1
329 1993 431 2021 Concil.
444 1993 561 2021 African.
577 2001 640 2021 ann.
656 1993 754 2021 Christi
770 1994 823 2021 535
839 1994 1006 2022 celebratum

263 2037 366 2072 legatos
380 2044 445 2064 suos
459 2036 493 2063 ad
507 2036 600 2064 Ioann.
618 2036 703 2070 misit,
713 2045 794 2073 quem
810 2045 869 2064 cum
885 2036 924 2064 illi
935 2045 1007 2065 mor-

262 2086 338 2109 tuum
357 2082 536 2117 invenissent,
552 2082 673 2118 Agapeto
688 2082 809 2118 synodal.
825 2082 876 2110 litt.
894 2083 1004 2111 dedere.

297 2127 314 2154 ‘2
329 2128 394 2154 Luc.
417 2136 436 2161 1,
453 2127 497 2159 71,
513 2126 688 2162 ubisslegitur:
710 2127 870 2161 &Salutem
891 2136 927 2154 eae
948 2129 1006 2155 ini-

263 2171 345 2199 micis
359 2171 477 2206 nostris,
490 2171 559 2199 etde
571 2179 660 2199 manu
672 2171 813 2206 omnium,
823 2172 874 2207 qni
886 2172 1008 2201 oderunt

264 2225 316 2243 nos
331 2226 357 2243 ».

300 2261 316 2288 3
336 2260 424 2288 ldest:
446 2263 521 2289 recte
544 2261 669 2289 dicimus
694 2269 746 2289 nos
770 2261 915 2290 vobiscum
935 2263 1007 2291 libe-

265 2309 353 2339 ratos,
371 2315 436 2333 cum
451 2306 566 2341 quibus,
582 2309 633 2333 etc.

301 2351 316 2378 4
332 2351 411 2379 Cont.
432 2351 522 2378 const.
539 2359 603 2378 mss.
619 2360 684 2379 cum
704 2352 807 2386 quibus
821 2353 1010 2382 contribulati

265 2404 373 2424 sumus.

301 2441 318 2469 5
333 2441 373 2469 Id.
386 2450 447 2469 cum
463 2450 489 2468 n.
507 2441 566 2469 cod.
585 2442 649 2469 4961
665 2442 783 2477 quippe..

301 2486 318 2512 6
334 2487 411 2513 Cont.
434 2486 526 2513 Const.
549 2488 752 2522 mss.1exp11ng.
774 2490 816 2515 el:
837 2487 935 2521 caras„
959 2488 1010 2516 Ba-

267 2538 339 2565 ron.‚
356 2533 383 2557 et
398 2530 481 2557 Lalib.
500 2530 640 2558 nobiscnm
656 2530 727 2567 legg.

303 2575 317 2603 ’1
342 2586 353 2599 «
369 2575 469 2603 Prior-is
491 2575 799 2612 Romamfprolectionis
818 2577 940 2604 meminit
966 2577 1010 2605 Li-

268 2619 379 2647 beratus
399 2628 511 2657 cap-xx
528 2620 676 2649 Breviar.».
694 2620 779 2649 Labb.
796 2621 829 2649 ad
846 2630 929 2658 marg.

1675 194 1734 227 511

1025 251 1113 295 quod
1137 261 1154 284 a
1173 252 1355 286 senioribus
1373 252 1600 286 annuntiatum
1623 258 1681 293 est,
1704 252 1768 286 hoc

1025 315 1212 349 sequamur.
1226 307 1341 340 Carent
1358 307 1443 340 enim
1463 307 1669 340 excusatione
1686 317 1768 351 quos

1025 359 1247 402 praemonitos
1286 360 1445 402 contingit
1465 360 1488 376 ¹⁰
1519 360 1674 394 excedere
1689 387 1696 401 ‚
1738 365 1769 393 et

1027 411 1235 445 acerbitatem
1269 413 1438 446 cumulant
1457 424 1658 454 excessuum,
1686 423 1768 457 quos

1026 465 1210 508 ignorantia
1229 476 1296 499 non
1315 472 1434 500 tuetur.
1456 467 1536 500 llinc
1549 473 1607 508 cst,
1624 473 1659 501 ut
1679 467 1770 511 (quia

1027 518 1060 551 in
1079 523 1204 552 tantum
1224 519 1307 552 Deus
1321 519 1526 563 omnipotens
1547 521 1648 553 erexi!
1669 531 1770 553 cornu

1027 572 1146 605 salutis
1163 572 1255 604 nobis
1277 572 1311 604 in
1332 571 1424 605 domo
1441 573 1547 606 David
1563 575 1661 617 pueri
1676 573 1770 615 sui⁴¹,

1027 633 1063 659 ut
1086 625 1126 659 de
1158 625 1320 666 omnibus,
1343 636 1481 669 quorum
1510 626 1671 670 iniquitati
1696 627 1770 660 sub-

1028 679 1200 719 iacuimus,
1228 678 1494 712 reconciliatione
1515 680 1703 723 tractemus)
1727 680 1771 713 ita

1029 733 1153 767 solicite
1170 732 1316 766 remedia
1340 732 1516 766 debeamus
1541 732 1706 774 adhibere,
1731 743 1772 766 ne

1029 786 1262 821 incolumitatis
1274 785 1297 803 ¹²
1316 791 1446 819 nostrae
1466 785 1507 819 sit
1527 785 1771 821 incommodum

1029 841 1118 886 quod
1143 845 1308 882 curantur,
1329 844 1384 873 aut
1404 839 1566 873 medicina
1579 839 1693 874 subeat
1706 851 1774 874 ma-

1030 896 1137 929 culam
1155 895 1195 928 de
1215 894 1359 935 vulnere,
1384 893 1436 927 cui
1450 893 1593 927 tribuere
1610 894 1676 927 vult
1689 894 1774 928 salu-

1030 954 1105 982 tem.
1126 948 1189 983 Sed
1208 947 1382 989 eiusmodi,
1402 947 1485 981 sicut
1506 952 1537 980 et
1556 946 1682 980 nobis¹⁸
1699 958 1774 982 cau-

1033 1004 1153 1038 tissime
1170 1004 1273 1038 visum
1288 1009 1345 1045 est,
1359 1007 1562 1047 praestemus
1579 1001 1724 1036 officium
1742 1002 1775 1036 in

1031 1057 1256 1091 observatione
1275 1062 1456 1101 pastorum,
1480 1065 1533 1097 ne,
1557 1065 1629 1089 cum
1650 1055 1777 1099 perdita

1031 1111 1181 1145 volumus
1201 1120 1413 1154 congregare,
1435 1119 1620 1154 pereamus,
1638 1114 1679 1150 et,
1704 1119 1777 1142 cum

1032 1165 1092 1198 suh
1116 1164 1219 1198 nimia
1248 1164 1448 1198 relaxatione
1479 1162 1687 1203 absolvimus,
1714 1162 1776 1195 ob-

1033 1218 1131 1259 noxii,
1148 1218 1236 1262 quod
1253 1222 1377 1251 avertat
1389 1216 1557 1257 Dominus,
1574 1215 1729 1249 cadamus
1745 1215 1779 1249 in

1035 1272 1175 1316 culpam:
1187 1271 1325 1304 maxime
1338 1281 1424 1311 cum,
1434 1269 1581 1314 priorum
1594 1274 1780 1302 nostrorum

1034 1325 1217 1366 sententia‚·
1237 1324 1411 1358 redeuntes
1431 1323 1471 1357 ad
1492 1333 1551 1356 nos
1576 1333 1612 1355 ex
1629 1322 1776 1363 Arianis,

1035 1379 1182 1423 quolibet
1202 1379 1320 1420 modo,
1344 1378 1377 1411 in
1398 1377 1543 1422 qualibet
1567 1382 1671 1411 aetate
1696 1377 1781 1410 illius

1035 1432 1239 1477 pestilentiae
1253 1432 1325 1466 labe
1338 1431 1490 1476 pollutos,
1501 1430 1615 1464 tanta¹⁴
1626 1430 1782 1464 charitate

1036 1486 1069 1519 in
1094 1486 1158 1520 fide
1183 1486 1352 1530 complexa
1380 1491 1441 1527 est,
1463 1484 1623 1519 eiusmodi
1644 1484 1780 1527 iustitia,

1038 1545 1068 1574 et
1081 1539 1102 1556 ¹⁵
1119 1539 1178 1573 sub
1197 1539 1370 1573 dilectione
1388 1538 1565 1582 redarguit,
1580 1543 1667 1572 tanta
1684 1538 1782 1572 ratio-

1038 1593 1200 1628 cinatione
1218 1594 1257 1627 de
1273 1593 1397 1627 ambitu
1410 1592 1545 1626 honoris
1565 1592 1685 1626 exclusi
1696 1592 1727 1634 ¹⁶,
1746 1597 1783 1626 ut

1038 1648 1268 1682 erubescerent
1285 1647 1372 1681 aliud
1390 1647 1492 1690 magis
1509 1656 1665 1691 quaerere
1683 1656 1781 1691 quam

1039 1702 1157 1736 redire.
1180 1702 1224 1736 De
1251 1712 1289 1735 eo
1309 1711 1384 1735 vero
1413 1701 1502 1745 quod
1522 1700 1667 1745 piissima
1688 1710 1779 1734 com-

1037 1756 1214 1800 punctione
1226 1755 1418 1800 requisistis,
1431 1760 1541 1788 utrum
1552 1753 1571 1771 ¹⁷
1585 1754 1625 1788 ad
1639 1753 1782 1788 officium

1038 1822 1132 1846 suum
1150 1812 1269 1846 debent
1289 1810 1420 1856 suscipi,
1440 1816 1495 1844 aut
1509 1820 1563 1844 eos
1576 1819 1642 1843 non
1655 1814 1783 1854 oportet

1039 1865 1172 1901 omnino
1190 1865 1389 1911 promoveri,
1407 1875 1448 1899 an
1469 1863 1701 1899 aIImoniorum
1721 1862 1783 1897 sal-

1075 1992 1092 2020 8
1111 1991 1198 2020 Caraf.
1216 1995 1243 2019 et
1257 1991 1357 2019 Baron.
1374 1990 1441 2018 iuxt.
1462 1998 1509 2018 nn.
1530 1988 1610 2018 codd.
1632 1987 1719 2017 omitt.
1739 1990 1782 2022 et;

1039 2040 1125 2065 recte.

1075 2088 1091 2115 9
1106 2087 1203 2114 Baron.
1220 2089 1289 2114 esset
1303 2089 1390 2113 contr.
1411 2093 1457 2112 nn.
1476 2084 1554 2112 codd.
1568 2083 1694 2112 auctorit.

1078 2139 1111 2166 10
1129 2149 1140 2162 «
1153 2137 1280 2172 Conciqit
1292 2146 1316 2163 ιι.
1333 2135 1373 2163 Id.
1387 2143 1449 2163 cum
1465 2135 1564 2169 Caraf„
1580 2137 1607 2162 et
1621 2142 1668 2161 nn.
1685 2133 1764 2161 codd.

1078 2190 1106 2216 11
1125 2188 1192 2215 Luc.
1210 2194 1229 2222 1,
1245 2187 1289 2214 69.

1078 2237 1110 2265 12
1130 2237 1345 2270 Incolumitati,
1363 2235 1458 2262 Baron.

1078 2288 1111 2315 13
1127 2287 1205 2314 Cont.
1220 2286 1313 2313 Const.
1326 2293 1389 2312 mss.
1403 2292 1463 2312 cum
1481 2291 1526 2311 nn.
1541 2282 1621 2311 codd.
1634 2281 1725 2315 vobis3
1742 2289 1784 2309 re-

1043 2336 1085 2359 cte
1100 2331 1220 2368 quidem.

1081 2382 1112 2408 tt
1133 2380 1175 2407 Sic
1190 2383 1217 2407 et
1238 2388 1285 2406 nn.
1303 2378 1395 2410 codd.;
1412 2377 1532 2405 Bolland.
1554 2378 1580 2404 in
1606 2377 1651 2404 vit.
1670 2376 1783 2411 Agapet.

1045 2436 1057 2452 «
1076 2426 1144 2453 sorte
1160 2427 1271 2460 quama
1287 2433 1300 2450 ))
1322 2431 1376 2450 non
1391 2426 1476 2449 recte.

1080 2477 1113 2504 15
1129 2475 1206 2502 Cont.
1224 2474 1314 2500 Const.
1332 2481 1398 2499 mss.
1415 2480 1531 2507 expung.
1547 2474 1582 2499 ct.

1081 2526 1114 2552 16
1129 2524 1166 2551 Id.
1177 2532 1191 2551 e
1206 2523 1263 2550 vat.
1277 2522 1335 2549 cod.
1349 2521 1435 2549 restit.
1446 2522 1649 2554 exclusil;sane
1665 2519 1698 2546 ad
1714 2527 1782 2546 rem.

1083 2579 1112 2606 17
1129 2578 1211 2605 Codd.
1226 2585 1271 2604 un.
1290 2579 1399 2610 utrum,
1412 2578 1438 2604 ct
1452 2576 1478 2602 si
1489 2596 1541 2602 .....
1552 2584 1558 2608 ;
1576 2577 1648 2601 recte
1664 2573 1784 2609 quidem,

1045 2622 1092 2651 sed
1107 2621 1186 2659 paulo
1198 2625 1257 2657 post
1268 2620 1414 2656 legendum
1427 2619 1509 2647 etiam
1522 2627 1575 2645 non
1593 2621 1655 2645 ante
1671 2617 1783 2645 debent.

1804 202 1895 231 Aac.
1916 203 1969 230 535

1829 957 1911 978 Arlanis
1931 958 1975 983 epi-

1789 985 1860 1010 scopis
1875 984 1901 1005 ad
1912 984 1975 1005 fidem

1790 1011 1929 1032 redeuntibus
1938 1011 1976 1031 ho·

1790 1043 1829 1058 nor
1873 1038 1975 1063 pristinus

1791 1070 1832 1085 uon
1846 1066 1952 1089 scrutum

1818 1827 1897 1847 Tamen
1905 1826 1980 1847 atima-

1797 1854 1833 1874 ωε
1861 1853 1981 1875 concedan-

1798 1882 1844 1903 tui-¹.
