2244 3183
68 205 121 234 An.
137 203 166 231 C.
181 202 234 232 453

121 796 178 818 Haec
198 796 252 816 enim

70 829 110 846 non
128 823 196 844 minus
214 822 254 842 Ne-

70 851 157 872 storium
173 849 252 875 respuit

71 877 122 899 dna·
153 881 254 902 personas

71 904 195 931 enatantem
234 903 254 922 in

55 931 159 959 ‘eurtum

83 1491 110 1511 Ac
119 1490 207 1516 Eutych.
218 1490 253 1510 de-

71 1517 172 1540 tirantem.
187 1516 253 1544 quod—

71 1543 91 1564 in
102 1549 187 1564 carnem
204 1543 254 1564 Ver-

70 1569 118 1591 bum
129 1571 196 1596 ipsum
206 1570 255 1590 suis-

69 1599 101 1618 μοι
120 1596 255 1618 transforma·

70 1626 119 1645 tum.

104 1973 143 1996 i'ro
153 1972 253 1999 religione

71 2002 157 2023 sotei-tor
168 2001 254 2026 vigilan-

71 2027 126 2050 dum.

927 198 953 223 S.
978 197 1041 222 LEO
1061 198 1072 222 1
1093 198 1144 222 PP.

265 249 440 283 minentem
453 257 491 281 ea
502 247 660 290 intelligas
668 256 837 290 reposcere
847 245 1001 285 instituta,

264 313 346 347 quae
371 301 514 342 tradidit,
541 302 623 335 sicut
642 301 682 334 ab
706 300 789 344 ipsa,
817 310 914 344 quam
929 309 1008 332 con-

1045 251 1139 283 stere,
1169 255 1291 289 nosque
1317 244 1444 288 saepius
1462 245 1500 278 dc
1518 244 1663 288 prosectu
1680 245 1791 278 Eccle-

1045 298 1165 331 siarum
1192 299 1254 331 iuis
1279 298 1511 338 relationibus,
1547 298 1625 341 quid
1656 303 1787 340 agatur,

1823 196 1871 224 An,
1893 198 1920 225 C.
1938 199 1988 227 453

269 357 368 390 sessus
389 361 457 395 est,
486 355 616 388 veritate
636 354 785 398 suscepit.
819 354 927 396 Neque
945 353 1011 385 ulio
1027 357 1030 370 ¹
1047 351 1216 384 instruere.
1240 351 1377 392 Dignum
1403 357 1447 384 est
1470 351 1567 388 enim,
1587 357 1614 383 tc
1629 351 1790 394 Apostoli-

268 410 365 442 modo
385 409 470 442 sinas
489 409 520 441 in
531 407 744 442 Orientalibus
766 406 924 445 Eccleshs,
950 417 1012 439 ma-

267 463 418 507 ximeque
444 463 475 495 in
501 463 562 503 his,
587 472 665 505 quas
694 460 915 494 ,antiochenae
943 459 1010 493 sedi

267 516 558 550 sacratissimorum
589 516 720 549 Patrum
753 513 883 548 Nicaeui
914 524 1011 546 cano-

268 581 324 603 nes
337 572 583 614 deputaverunt,
607 570 646 603 ab
672 568 827 613 improbis
842 567 1012 601 haereticis

268 624 440 666 Evangelio
465 623 625 663 resultari,
649 628 676 655 et
708 622 754 655 vei
782 621 930 658 Nestorii,
965 621 1012 654 vel

268 678 418 721 Eutychis
445 676 452 693 ¹
483 688 501 710 a
533 687 697 720 quoquam
719 676 837 717 dogma
868 674 1008 708 defendi.

269 730 439 771 Quoniam,
466 731 549 764 sicut
573 730 648 769 dixi,
672 729 849 763 catholicae
870 728 945 762 fidei
959 739 1014 772 pe-

270 790 329 820 tra.
357 785 448 818 cuius
462 795 642 827 cognomen
657 784 768 817 beatus
786 783 1014 827 apostolusPc-

270 842 337 870 trus
351 837 488 881 sumpsit
505 848 523 870 a
539 836 688 875 Domino,
709 837 833 869 nullum
848 835 961 879 recipit
974 835 1013 867 ab

269 893 406 931 utraque
431 887 597 931 impietate
623 887 633 903 ‘³
659 887 845 927 vestigimm
873 887 928 920 sed
949 885 1013 919 evi-

270 941 383 975 denter
403 946 500 985 atque
512 940 684 984 perspicue
698 945 729 973 et
741 939 923 973 Nestorium
936 950 1013 972 ana—

271 994 465 1033 thematizat,
494 994 548 1038 qui
575 993 670 1026 Verbi
685 993 1013 1037 carnisquenaturam

269 1047 301 1080 in
326 1047 440 1081 beatae
463 1046 602 1090 Virginis
629 1046 842 1090 conceptione
870 1046 881 1062 ³
908 1046 1014 1079 seiun-

269 1112 358 1144 gens,
386 1111 553 1145 unumque
584 1100 743 1134 Christum
771 1100 802 1132 in
824 1100 905 1133 duos
933 1099 1014 1133 divi-

269 1156 358 1195 dens,
387 1155 482 1188 aliam
502 1154 634 1188 Deitatis
647 1160 678 1187 et
691 1153 787 1187 aliam
803 1153 1014 1186 humanitatis

269 1209 370 1244 voluit
389 1219 457 1243 esse
481 1219 673 1253 personam;
702 1219 774 1241 cum
788 1207 921 1241 omnino
931 1218 1014 1241 unus

269 1263 423 1307 idemque
449 1263 500 1303 sit7
524 1262 579 1306 qui
602 1268 633 1295 et
653 1262 831 1295 secundum
845 1252 1014 1305 sempiter—

268 1327 343 1350 nam
369 1317 525 1360 Dei-tatem
557 1317 595 1349 de
625 1316 719 1349 Patre
747 1321 794 1349 est
823 1321 916 1348 natus
946 1315 1014 1348 sine

269 1376 428 1414 tempore,
453 1375 484 1403 et
500 1370 678 1403 secundum
697 1379 804 1402 veram
830 1379 961 1402 earnem
976 1369 1015 1401 de

269 1429 372 1457 matre
393 1429 439 1456 est
462 1430 556 1456 natus
571 1423 780 1466 intempore;
804 1427 835 1456 et
850 1422 1013 1466 Eutychen

269 1478 417 1511 similiter
441 1483 618 1519 execratur,
647 1478 701 1521 qui
726 1477 757 1510 in
781 1477 919 1511 Domino
944 1477 1014 1510 Iesu

269 1531 393 1566 Christo
421 1531 587 1564 veritatem
615 1531 778 1564 humanae
806 1530 912 1564 carnis
943 1541 1014 1563 eva-

271 1596 380 1626 cuans,
408 1585 513 1629 ipsum
534 1585 675 1618 Verbum
694 1584 726 1618 in
740 1595 869 1618 carnem
884 1584 1013 1617 asse1·it'¹

272 1640 546 1679 transformatum,
575 1645 609 1672 ut
633 1638 731 1675 nasci,
757 1638 886 1679 nutriri,
913 1637 1013 1681 profi-

270 1703 353 1733 cere,
366 1693 445 1737 pati,
462 1692 557 1733 mori,
575 1698 670 1736 atque
688 1692 828 1736 sepeliri,
846 1697 876 1724 et
890 1691 940 1725 die
953 1697 1015 1724 ter-

270 1747 312 1780 tio
337 1746 500 1787 suscitari,
527 1746 627 1779 solius
649 1745 745 1779 fuerit
766 1745 908 1786 Deitatis,
932 1755 1014 1789 quae

267 1801 390 1834 servilis
408 1801 530 1834 formae
551 1811 616 1834 non
630 1800 796 1834 veritatem
821 1799 1009 1844 susceperit,

268 1854 324 1888 sed
343 1854 492 1897 figuram.

313 1908 385 1942 CAP.
408 1908 459 1941 ΙΙΙ.
482 1908 616 1941 Summa
632 1907 740 1951 itaque
754 1906 918 1949 vigilantia
939 1917 1013 1940 cau-

270 1967 336 1995 tum
364 1967 394 1994 te
419 1971 486 1995 esse
515 1961 674 2002 convenit,
695 1971 736 1994 ne
756 1960 834 2004 quid
854 1960 914 1994 sibi
936 1959 1013 1993 hae-

271 2015 369 2048 retica
394 2015 533 2059 pravitas
551 2015 668 2048 audeat
681 2014 859 2054 vindicare;
888 2024 962 2047 cum
984 2019 1012 2047 te

269 2069 381 2102 deceat
409 2069 458 2102 his
489 2067 682 2102 sacerdotali
712 2068 902 2102 auctoritate
935 2067 1013 2101 resi-

304 2178 314 2205 i
338 2177 457 2204 Cacciar.
473 2178 492 2204 l.
510 2186 533 2204 c.
551 2176 726 2212 Eutychetis.

302 2218 318 2245 2
335 2227 347 2243 ιι
365 2217 405 2244 ΑΙ.
426 2218 463 2245 ad
478 2221 630 2253 utramque
652 2217 831 2252 impietatem
844 2227 856 2240 u
880 2215 1009 2243 Balierin.

268 2253 316 2282 toc.
333 2254 379 2281 cit.
397 2253 552 2289 Perperam.

303 2293 318 2321 3
336 2304 347 2319 <t
360 2293 427 2321 Male
447 2298 501 2321 vet.
526 2293 592 2321 edit.
609 2292 809 2321 coniunctione
824 2303 851 2319 ».
879 2291 1010 2319 Ballerin.

270 2333 298 2357 et
313 2329 432 2357 Cacciar.
453 2329 480 2356 li.
496 2338 536 2356 cc.

304 2371 319 2397 Ιι
337 2379 348 2396 ‹
365 2370 404 2396 ΑΙ.
416 2370 569 2398 asseruit».
584 2369 678 2396 Baiter.
689 2369 737 2396 col.
751 2369 827 2395 1214.
839 2368 867 2395 F.
881 2367 942 2395 mei.
953 2376 979 2394 n.
993 2367 1010 2394 i.

303 2410 320 2438 5
337 2420 348 2436 ι
366 2411 405 2438 ΑΙ,
422 2411 550 2444 auqendi
566 2410 605 2436 vei
621 2409 780 2443 auqendam
793 2419 819 2435 v».
839 2409 937 2436 Baiier.
954 2409 973 2435 l.
987 2417 1010 2435 c.

269 2445 363 2473 Melius
378 2446 411 2474 ad
427 2450 495 2473 orat.
508 2449 626 2473 context.
645 2444 725 2472 videt.
743 2453 769 2471 n.
787 2444 877 2471 lectio.

304 2482 320 2507 6
338 2492 349 2508 α
366 2481 500 2513 Quesnell.
518 2485 611 2508 contra
626 2481 744 2516 plerosq.
766 2480 1012 2515 codd.privileqia

271 2518 386 2545 tertia».
406 2517 529 2544 Balierin.
544 2517 560 2543 i.
574 2525 597 2543 c.
614 2521 640 2543 et
653 2516 772 2543 (Lacciar.
789 2524 848 2551 pag.
866 2515 928 2543 359.
943 2515 1012 2542 Sane

271 2561 493 2628 pegpffrari'imc...
509 2590 704 2620 'minuanlmq
728 2586 863 2627 Quesneil.
881 2586 907 2613 in
926 2586 1013 2626 prima

271 2623 336 2652 edit.
356 2632 430 2659 quae
445 2625 478 2651 in.
496 2624 576 2651 nullo
590 2624 765 2658 cuiusquam
779 2622 937 2650 ambatiam
968 2631 1014 2648 m-

1047 415 1101 436 cae
1127 405 1216 437 Sedis
1237 404 1269 437 in
1295 405 1354 437 hac
1379 405 1596 438 sollicitudine
1622 415 1690 437 esse
1712 415 1790 438 con-
1817 418 1992 447 ‘pt-mium„-

1046 463 1211 498 sortem,et
1239 459 1278 491 ad
1300 458 1434 497 agendi-³
1448 458 1600 491 fiduciam
1622 457 1790 501 privilegia
1806 445 1992 497 ifssiss‘iffissiissift

1048 511 1159 544 tertiae
1185 511 1296 544 Sedis⁶
1314 521 1508 553 agnoscere,
1532 522 1615 554 quae
1640 512 1670 543 in
1700 511 1789 544 nullo
1806 499 1991 546 fgfssiiifiiss'a'ilissfi'

1047 564 1238 608 cuiusquam
1263 564 1441 597 ambitione
1465 564 1651 597 minuentur
1671 565 1691 603 ⁷3
1716 565 1790 608 quia

1049 623 1135 650 tanta
1157 617 1242 660 apud
1265 627 1314 649 me
1333 623 1379 650 est
1392 617 1606 650 Nicaenorum
1629 628 1789 650 canonum
1816 631 1917 660 *summa
1939 633 1992 652 ron-

1047 669 1236 710 reverentia,
1261 676 1294 703 ut
1316 681 1352 703 ea
1373 680 1455 714 quae
1479 676 1549 703 sunt
1566 671 1712 703 asanctis
1732 672 1790 704 Pa·
1806 658 1868 704 iii-'51¹⁵
1883 658 1993 710 ³333&OE

1049 724 1150 756 tribus
1176 723 1362 763 constituta,
1394 734 1452 756 nec
1483 724 1698 767 permiserim,
1733 734 1792 757 nec
1807 714 1935 732 ‘mmmm'

1048 777 1151 821 patiar
1170 776 1452 820 aliquassnovitate
1473 777 1597 810 violari.
1621 777 1685 810 Etsi
1707 778 1791 810 enim

1049 831 1172 864 diversa
1192 841 1439 874 nonnumquam
1460 836 1533 863 sunt
1555 830 1669 863 merita
1696 831 1792 863 Prae-
1858 844 1944 864 sunum
1964 851 1992 864 ..1>

1048 885 1166 925 sulum,
1190 884 1259 916 iura
1278 890 1384 917 tamen
1409 889 1603 927 permanent
1621 884 1789 921 Sedit11n⁹;
1809 872 1993 918 ᾎῗυξῖιῗέηῶἶῖἷᾞῗ

1048 937 1165 981 quibus
1191 937 1248 970 etsi
1273 937 1396 981 possint
1425 937 1543 970 aemuli
1576 937 1793 980 perturbatio·
1809 923 1908 949 ΝΛΜ

1048 1001 1122 1024 nem
1148 991 1290 1035 aliquam
1322 991 1465 1024 fortassis
1496 991 1632 1029 inferre,
1659 1001 1723 1024 non
1750 996 1795 1024 ta-

1050 1056 1122 1078 men
1148 1051 1283 1089 possunt
1307 1045 1453 1078 minuere
1475 1045 1675 1087 dignitatem.
1704 1045 1794 1077 Unde

1049 1111 1120 1133 cum
1148 1100 1271 1144 aliquid
1297 1110 1356 1144 pro
1386 1099 1606 1133 Antiochenae
1634 1099 1794 1133 Ecclesiae

1048 1153 1225 1197 privilegiis
1251 1154 1380 1186 dilectio
1400 1159 1453 1186 tua
1470 1154 1630 1195 agendum
1646 1164 1713 1186 esse
1728 1163 1795 1186 cre-

1049 1207 1188 1246 diderit,
1218 1207 1359 1251 propriis
1393 1206 1507 1240 litteris
1538 1208 1663 1240 studeat
1697 1207 1795 1251 expli-

1049 1271 1121 1293 care
1134 1259 1164 1300 ¹0,
1183 1266 1217 1293 ut
1237 1271 1295 1293 nos
1313 1260 1542 1294 consultationi
1561 1266 1634 1293 tuae
1649 1260 1795 1293 absolute

1049 1319 1080 1347 et
1101 1324 1243 1356 congrue
1262 1314 1458 1357 respondere
1476 1314 1647 1357 possimus.

1094 1367 1167 1401 ΕΑΓ.
1191 1369 1239 1401 Π.
1264 1369 1355 1401 Nunc
1375 1374 1482 1401 autem
1504 1369 1543 1401 ad
1572 1368 1681 1401 omnia
1699 1367 1717 1384 ¹¹
1739 1378 1793 1410 ge·
1880 1405 1891 1407 Η
1918 1405 1929 1407 ..
1989 1406 1992 1407 ⁷

1049 1422 1201 1455 neraliier
1225 1422 1442 1466 pronunciare
1471 1422 1624 1463 sufficiat,
1655 1423 1742 1466 quod
1767 1423 1791 1455 si
1808 1405 1994 1461 iissssiiissffe'ssss‘iif

1049 1475 1126 1519 quid
1152 1487 1170 1508 a
1194 1486 1358 1519 quoquam
1385 1481 1497 1509 contra
1512 1475 1726 1509 Nicaenorum
1740 1487 1792 1509 ca·
1808 1460 1926 1506 ἓιῖῑζῗζίω
1957 1458 1993 1478 ³⁰*

1049 1539 1171 1562 nonum
1209 1534 1328 1563 statuta
1366 1530 1398 1562 in
1431 1539 1636 1573 quacumque
1670 1530 1792 1573 synodo

1050 1584 1097 1616 vel
1115 1588 1271 1616 tentatum
1298 1589 1354 1624 est,
1379 1584 1427 1616 vel
1457 1583 1496 1616 ad
1518 1588 1644 1626 tempus
1671 1583 1795 1616 videtur

1050 1641 1210 1669 extortum
1220 1635 1252 1676 ¹²,
1268 1635 1349 1668 nihil
1363 1635 1553 1679 praeiudicii
1572 1640 1677 1679 potest
1695 1635 1795 1668 invio-

1050 1689 1200 1722 labilibus
1225 1688 1342 1722 inserre
1367 1688 1515 1722 decretis:
1543 1694 1572 1722 et
1589 1688 1710 1721 facilius
1735 1687 1795 1720 erit

1049 1743 1269 1786 quarumlibet
1282 1742 1531 1776 consensionum
1545 1747 1638 1786 pacta
1652 1741 1791 1782 dissolvi,

1049 1807 1145 1840 quam
1164 1797 1405 1841 praedictorum
1429 1807 1589 1830 canonum
1610 1796 1738 1838 regulas
1759 1806 1794 1829 ex

1048 1852 1113 1884 ulia
1134 1857 1224 1895 parte
1244 1851 1421 1895 corrumpi.
1451 1849 1688 1894 Subripiendi¹3
1708 1850 1793 1883 enim

1049 1905 1234 1938 occasiones
1259 1916 1324 1938 non
1349 1904 1574 1949 praetermittit
1597 1903 1743 1943 ambitio,
1765 1910 1794 1937 ct

1049 1959 1175 2003 quoties
1200 1960 1241 1992 ob
1267 1964 1474 1992 occurrentes
1495 1968 1607 1991 causas
1634 1957 1794 1999 generalis

1049 2013 1257 2056 congregatio
1282 2013 1364 2046 sacta
1379 2012 1475 2045 suerit
1495 2012 1710 2051 sacerdotum,
1735 2010 1794 2043 dif-

1048 2066 1133 2100 ficile
1159 2072 1215 2108 est,
1238 2072 1274 2100 ut
1294 2065 1453 2110 cupiditas
1484 2065 1706 2109 improborum
1727 2073 1793 2097 non

1856 1378 1949 1398 (Tanatus
1974 1384 1992 1398 tn

1046 2174 1164 2202 venilur
1179 2173 1329 2201 eaecessz'sse
1343 2183 1366 2199 ι).
1378 2172 1502 2200 Baiierin.
1519 2172 1536 2199 1.
1550 2181 1572 2199 c.
1585 2172 1665 2200 Recte
1683 2171 1793 2207 quidem

1047 2210 1081 2237 ad
1096 2213 1164 2236 orat.
1182 2213 1299 2236 context.
1317 2217 1344 2235 n.
1362 2208 1453 2236 lectio.

1083 2250 1098 2277 8
1119 2260 1130 2274 «
1147 2250 1235 2276 Prima
1251 2249 1387 2280 Quesnell.
1405 2249 1469 2275 edit.
1491 2257 1541 2275 nec
1557 2248 1727 2283 permisceri
1741 2256 1793 2282 pct-

1048 2286 1107 2313 tiar
1121 2293 1167 2312 nec
1182 2286 1315 2320 aliqua...
1331 2294 1354 2311 ι.
1370 2284 1495 2311 Ballcrin.
1508 2284 1524 2311 i.
1539 2292 1561 2310 c.
1574 2283 1666 2319 Aptius
1682 2284 1714 2310 ad
1728 2291 1792 2314 remv

1048 2329 1073 2348 n.
1092 2321 1183 2348 lectio.

1082 2363 1098 2389 9
1118 2373 1130 2386 ez
1150 2361 1191 2387 ΑΙ.
1210 2361 1396 2388 ecclesiarum
1409 2372 1433 2387 υ.
1457 2361 1649 2388 Balleriu.l.r.

1085 2403 1116 2429 10
1138 2411 1148 2426 α
1174 2401 1260 2427 Prima
1285 2401 1422 2432 Quesncli.
1452 2401 1516 2427 edit.
1534 2401 1665 2435 propriis
1680 2399 1791 2427 stuta-ac

1048 2437 1158 2465 nuntiis
1174 2437 1319 2471 eoeplt'car‘i
1333 2447 1358 2463 n.
1376 2436 1506 2463 Baiicrin.
1525 2437 1541 2463 1.
1560 2446 1583 2462 c.

1085 2479 1110 2504 ii
1136 2489 1147 2502 ι
1164 2477 1227 2504 Coti.
1253 2477 1353 2511 [latisp.
1380 2476 1454 2504 addit
1477 2486 1519 2504 mv
1535 2488 1561 2503 ι».
1588 2475 1712 2503 Balierin.
1734 2475 1750 2501 1.
1769 2484 1791 2500 c.

1082 2514 1116 2540 12
1132 2523 1144 2538 «
1160 2513 1199 2539 ΑΙ.
1217 2512 1294 2540 codd.
1307 2516 1437 2540 exortum
1452 2524 1476 2538 ιο.
1495 2512 1620 2539 ΙΒειΙΙεήιι,
1640 2511 1656 2538 Ι.
1675 2520 1698 2537 c.
1713 2510 1793 2536 ilecto

1046 2549 1079 2576 ad
1096 2552 1212 2576 context.
1231 2557 1258 2574 n.
1272 2548 1362 2575 lectio,

1048 2620 1070 2647 Μ
1084 2585 1117 2646 113
1136 2595 1148 2609 ι
1164 2585 1222 2611 Vct.
1236 2583 1300 2610 edit.
1315 2584 1488 2619 mbrepemli
1499 2595 1523 2610 n.
1538 2583 1635 2610 llaiier.
1650 2581 1700 2609 col.
1717 2580 1791 2607 1:215.

1074 2629 1087 2648 a
1100 2628 1124 2646 e.
