2244 3183
29 181 80 212 Δή.
92 184 120 211 C.
141 183 189 210 451

48 777 123 804 Lapsis
133 778 214 804 episco-

32 805 65 831 pis
84 811 126 831 quo
151 808 215 831 pacto

29 832 88 858 pacis
94 833 162 858 gratia
170 833 216 854 retl-

31 857 108 880 denda.

91 1367 176 1388 Pei-tina
182 1373 216 1388 cos

32 1397 118 1415 coercet
130 1395 216 1415 veritas:

31 1426 146 1441 conversos
161 1421 216 1441 cari-

32 1449 64 1468 tas
72 1453 114 1468 nou
124 1447 214 1474 repullit.

65 1793 151 1814 Eusebii
176 1793 217 1814 Ee-

33 1819 118 1841 clesiarn
131 1821 158 1841 ab
170 1821 218 1841 ille-

34 1847 107 1872 gitimo
116 1848 217 1873 episcopo

32 1874 136 1894 turbatam
144 1874 215 1895 Pulclt.

33 1901 171 1922 commendat.

875 181 901 204 s.
925 181 988 204 Leo
1009 181 1018 204 1
1039 182 1089 204 pe.
1671 166 1712 204 73
1777 181 1827 207 An.
1853 181 1881 207 C.

227 230 292 264 suis
312 229 430 263 iniusta
449 230 577 263 fuerant
597 229 604 245 ¹
626 229 717 263 eiecti
738 228 909 265 sententia,
926 238 972 261 re-

228 283 370 325 duxistis,
391 283 456 317 sive
470 284 557 327 quod
578 283 731 327 reliquias
752 287 881 315 sanctae
902 292 970 314 me-

228 337 350 371 moriae
381 337 522 370 Flaviani
550 337 730 370 innocentis
761 342 792 369 et
821 335 970 369 catholici

227 391 402 425 sacerdotis
422 392 462 424 ad
493 391 679 431 Ecclesiam,
701 391 752 423 cui
778 390 859 423 bene
880 401 972 434 prae-

228 445 285 478 suit
299 472 306 485 ,
330 445 449 478 fecistis
470 457 544 478 cum
566 444 577 462 ²
597 445 723 479 honore
744 444 853 477 debito
875 454 969 476 revo—

227 498 303 531 cari.
338 500 371 531 In
401 499 519 542 quibus
549 499 660 542 utique
679 498 831 532 omnibus
852 498 973 540 gloriae

227 558 349 585 vestrae
378 553 610 597 multiplicatur
636 559 866 596 augmentum,
896 552 971 585 dum

228 611 258 638 ct
275 605 407 639 Sanctos
419 617 477 650 pro
497 607 562 640 suis
576 606 698 640 meritis
718 605 929 645 veneramini,
945 611 971 638 ct

229 659 268 692 ab
286 670 363 702 agro
385 660 548 695 dominico
569 660 678 705 spinas
698 666 729 694 et
749 660 886 693 tribulos
907 659 974 692 rul-

230 712 268 745 tis
293 714 412 746 auferri
436 714 456 747 3.
480 714 642 754 Quosdam
674 725 750 748 vero
770 714 780 730 ”’
800 714 974 758 Episcopos

230 767 269 800 de
287 767 346 808 his,
371 768 425 811 qui
446 769 542 803 rebus
561 769 669 813 impiis
700 769 850 802 ridentur
879 779 974 812 prac—

230 820 337 854 huisse
358 832 562 863 consensum,
585 823 883 857 reconciliationem
915 833 974 866 po-

230 885 319 908 scere
333 902 340 916 ‚
375 881 407 909 et
437 876 672 910 catholicorum
710 876 973 910 communionem

230 927 423 970 desiderare,
447 936 511 963 tam
526 936 724 972 nostrorum,
749 941 845 974 quam
861 930 974 963 fratres

230 989 260 1016 et
280 984 461 1028 coepiscopi
475 985 537 1018 inei
554 986 564 1001 ⁵
583 985 735 1025 Anatolii,
759 985 809 1018 cui
832 984 975 1018 testimo-

229 1037 318 1070 nium
339 1038 422 1071 serre
436 1038 625 1081 dignamini,
648 1038 806 1072 relatione
824 1038 975 1081 cognovi-

230 1102 319 1125 mus:
355 1103 494 1136 quorum
524 1092 691 1126 desideriis
712 1093 757 1126 sic
781 1093 974 1136 praebemus

231 1145 380 1179 effectum
393 1146 414 1187 ⁶,
430 1153 465 1179 ut
478 1147 642 1187 correctis,
657 1153 688 1180 et
708 1158 790 1191 quae
803 1147 886 1180 male
901 1154 972 1180 sunt

231 1199 323 1239 sacta,
335 1200 467 1243 propria
481 1200 718 1244 subscriptione
732 1200 971 1239 damnantibus,

231 1252 421 1296 participata
448 1258 632 1286 nostrorum
649 1281 656 1291 ‚
691 1264 771 1296 quos
805 1253 971 1293 misimus,

232 1316 309 1338 cura
328 1316 400 1338 cum
415 1306 599 1349 supradicto
613 1306 776 1350 episcopo,
800 1306 888 1350 pacis
905 1317 975 1349 gra-

233 1358 275 1391 tia
296 1359 473 1391 tribuatur:
504 1359 580 1403 quia
598 1360 778 1393 devotionis
802 1367 975 1403 utrumque

233 1416 280 1444 est
300 1411 515 1452 christianae,
538 1418 574 1445 ut
601 1418 633 1446 et
658 1413 840 1456 pertinaces
862 1414 975 1446 veritas

232 1463 314 1498 iusta
332 1472 494 1507 coerceat,
518 1472 548 1499 et
568 1476 740 1500 conversos
751 1467 890 1500 charitas
911 1477 974 1499 non

232 1518 377 1562 repellat.

276 1572 348 1605 CAP.
372 1572 421 1605 ΙΙΙ.
446 1572 526 1612 Quia
539 1583 614 1606 vero
635 1572 794 1614 novimus,
819 1579 974 1617 quantum

231 1625 303 1670 piae
323 1625 549 1659 sollicitudinis
570 1626 736 1659 catholicis
754 1626 976 1659 sacerdotibus

233 1680 447 1713 mansuetudo
462 1685 566 1713 vestra
580 1680 730 1722 dignetur
742 1680 751 1696 ⁷
771 1680 972 1724 impendere,

233 1732 442 1766 indicandum
478 1743 546 1766 esse
567 1733 767 1773 curavimus,
792 1734 924 1766 fratrem
946 1739 975 1766 ct

233 1786 459 1830 coepiscopum
476 1797 584 1819 meum
597 1787 606 1802 5
619 1786 790 1819 Eusebium
806 1787 974 1819 nobiscum

233 1839 361 1882 degere,
387 1845 554 1873 etnostrae
569 1840 807 1873 communionis
821 1851 889 1873 esse
901 1851 976 1873 con-

232 1899 364 1934 sortem,
389 1893 480 1926 cuius
501 1894 766 1927 commendamus
787 1893 973 1930 Ecclesiam,

233 1957 331 1990 quani
349 1947 466 1980 dicitur
487 1954 620 1989 vastare,
645 1948 699 1991 qui
724 1948 768 1981 illi
791 1948 906 1981 iniuste
927 1960 975 1981 as-

233 2000 351 2033 seritur
383 2001 596 2043 subrogatus:
632 2001 710 2034 illud
740 2002 836 2034 ctiam
860 2013 878 2035 a
899 2003 977 2035 tua⁹

270 2118 278 2143 1
299 2116 416 2143 Cacciar.
435 2116 452 2143 l.
471 2126 492 2144 c.
516 2126 577 2144 cum
592 2117 626 2144 al.
643 2118 772 2152 fuerim!-

268 2161 284 2187 2
303 2161 395 2196 «Atiq.
415 2161 474 2188 cod.
493 2161 563 2188 delet
583 2170 648 2188 cum
664 2173 689 2188 η.
706 2162 829 2189 llallerin.
848 2162 863 2189 l.
882 2171 905 2189 c.

268 2205 283 2231 3
304 2217 315 2229 κ
331 2206 370 2232 ΑΙ.
391 2207 510 2240 auferre
526 2217 552 2234 n.
569 2206 693 2233 Ballerin.
710 2207 727 2233 l.
746 2216 769 2234 c.

268 2249 284 2276 4
303 2261 314 2273 «
335 2249 373 2276 ΑΙ.
386 2258 486 2277 sane».
499 2250 682 2278 Ballerin.col.
704 2252 780 2279 1036.
798 2251 905 2284 Melius,
925 2252 979 2288 opi—

234 2297 293 2321 nor,
310 2298 336 2316 n.
355 2290 445 2317 lectio.

269 2335 284 2362 5
304 2346 315 2359 ι(
332 2335 370 2362 ΑΙ.
388 2336 482 2363 nostri
498 2346 520 2362 ι).
538 2336 663 2363 Ballerin.
681 2336 698 2363 l.
721 2345 743 2363 c.

268 2379 285 2406 ὓ
305 2391 317 2404 u
338 2379 392 2407 Vat.
417 2381 483 2408 3791
506 2382 678 2416 affectum».
696 2381 813 2408 Cacciar.
836 2382 852 2409 l.
871 2392 894 2409 c.
917 2382 979 2409 For-

234 2427 304 2451 tasse
320 2433 477 2452 amauuens.
495 2425 602 2453 mendo.

271 2469 286 2496 7
310 2480 322 2493 <1
343 2469 398 2497 Duo
420 2471 644 2505 Vatt.d1‘9naaeur
659 2483 684 2498 ».
702 2471 821 2498 Cacciar.
840 2471 855 2498 l.
875 2480 898 2499 c.

270 2514 286 2541 8
306 2525 318 2539 «
338 2514 378 2542 ΑΙ.
400 2518 528 2543 nostrum
544 2527 568 2542 ι)Α
588 2515 711 2543 Ballerin.
737 2516 755 2542 l.
777 2524 801 2542 c.

271 2559 287 2587 9
306 2559 425 2588 Caeciar.
449 2560 466 2587 l.
487 2569 512 2588 c.
529 2569 588 2588 cum
603 2564 659 2588 ant.
680 2560 744 2588 edit.
767 2564 793 2588 ct
809 2569 872 2588 mSS.
895 2560 976 2588 Vatic.

236 2605 335 2632 vestra.

302 2657 376 2692 App,
398 2658 476 2685 Butl.
496 2659 579 2686 Rom.
617 2660 676 2686 Vol.
698 2660 720 2687 1.
904 2660 934 2684 10

1004 229 1123 271 pietate
1155 234 1322 272 poscentes
1338 256 1345 270 ,
1380 229 1467 273 quod
1492 239 1547 262 vos
1571 234 1749 273 spontaneo

1006 282 1108 315 facere
1130 282 1151 297 ¹⁴³
1171 293 1235 315 non
1256 283 1441 316 dubitamus
1462 283 1607 322 arbitrio,
1631 288 1665 315 ut
1684 288 1750 315 tam

1006 334 1135 368 fratrem
1158 341 1187 369 et
1208 336 1434 380 coepiscopum
1448 347 1556 370 mcum
1576 335 1747 376 Iulianum,

1006 398 1103 431 quam
1126 388 1496 434 Constantinopolitanos
1521 390 1653 423 clericos
1669 417 1676 430 ,
1696 389 1752 433 qui

1006 447 1134 474 sanctae
1154 442 1331 476 memoriae
1358 443 1500 475 Flaviani
1530 443 1680 476 fidelibus
1706 443 1752 475 ot'-
1789 460 1952 485 Eammtams,

1008 494 1088 528 ficiis
1108 495 1332 532 adhaeserunt„
1358 507 1405 536 ca,
1430 508 1492 540 qua
1513 497 1657 537 tlt-lictis,
1681 507 1750 538 gra-
1768 487 1952 540 iiiotfii'ozfmssssiiissi

1010 549 1050 581 tia
1072 549 1243 583 foveatis¹¹.
1264 551 1306 583 Dc
1328 551 1479 583 omuibusv
1504 562 1577 583 vcro
1599 551 1749 594 pietatem
1768 540 1845 561 ΜΨ·

1009 609 1145 636 vestram
1174 615 1233 647 per
1259 610 1398 643 nostros,
1423 605 1500 648 quid
1528 604 1596 637 ticri
1619 610 1673 637 aut.
1693 615 1747 638 or-

1009 657 1113 689 (linari
1137 656 1156 673 ¹²⁷
1177 658 1322 699 deberet,
1351 658 1571 691 instruximus,

1052 711 1130 744 Data
1148 711 1391 756 idibusAprilis,
1409 712 1533 745 Adcltio
1554 712 1622 745 viro
1641 711 1751 745 claris-

1008 764 1089 798 simo
1115 766 1258 799 consule.

1045 827 1102 855 Dat.
1124 828 1167 855 die
1190 830 1220 855 13
1237 829 1322 864 April.
1339 838 1400 857 ann.
1418 830 1481 856 451.

1203 991 1388 1025 EPISTOLA
1409 992 1510 1024 XLYll
1525 991 1555 1024 ¹³.

1010 1088 1219 1122 DeAnatolii
1238 1089 1374 1133 probata
1394 1089 1457 1132 fide
1476 1089 1754 1133 (lcttttlensaslemli

1052 1153 1213 1200 rationem
1243 1164 1316 1185 cum
1340 1153 1441 1197 lapsis
1472 1154 1626 1197 episcopis
1655 1164 1753 1196 prae-

1052 1217 1176 1255 scribit,
1200 1217 1292 1259 eiqztc
1313 1217 1415 1260 plura
1436 1217 1664 1249 cornmendans
1686 1217 1755 1259 ple-

1054 1279 1160 1310 m‘ores
1186 1278 1311 1311 litteras
1332 1279 1508 1322 promittit.

1102 1377 1157 1404 Leo
1178 1376 1341 1411 Episcopus
1361 1377 1497 1404 Anatolio
1517 1377 1667 1411 Episcopo-

1055 1465 1127 1498 CAP.
1156 1465 1178 1498 Ι.
1202 1465 1417 1498 Gaudemus¹²
1438 1465 1469 1497 in
1494 1465 1643 1503 Domino,
1668 1471 1698 1497 et
1723 1465 1754 1497 in
1811 1477 1842 1497 oi.
1863 1478 1956 1498 ,anatolii

1193 1519 1198 1523 .
1257 1519 1262 1524 .
1308 1519 1312 1524 .
1451 1520 1456 1524 .
1587 1520 1592 1527 ,.
1690 1519 1695 1524 .
1722 1520 1728 1524 s
1771 1505 1832 1524 sulem
1845 1505 1869 1524 ilc
1882 1505 1955 1525 Eccle-

1011 1519 1096 1551 dono
1117 1525 1239 1561 gratiae
1255 1530 1354 1563 ipsius
1376 1520 1555 1562 gloriamur
1576 1519 1616 1560 ¹³,
1641 1519 1750 1563 qma,
1771 1538 1802 1552 sta
1827 1532 1855 1551 in.
1875 1531 1957 1551 eredita

1010 1572 1092 1605 sicut
1112 1572 1294 1606 dilectionis
1316 1578 1387 1606 tuae
1408 1573 1544 1613 litteris,
1570 1578 1598 1606 et
1622 1574 1755 1606 fratrum
1772 1559 1825 1579 hm
1842 1560 1921 1584 “¹³⁸³''

1011 1631 1208 1665 nostrorum,
1233 1636 1314 1669 quos
1331 1626 1642 1670 Constantinopolim
1664 1626 1758 1660 mise-

1011 1690 1129 1717 ramus,
1154 1679 1311 1713 relatione
1340 1680 1562 1722 cognorimus,
1585 1691 1756 1724 sequacem

1011 1739 1039 1766 tc
1064 1733 1267 1775 evangelicae
1293 1734 1484 1767 eruditionis
1510 1734 1649 1767 ostendit
1668 1734 1696 1775 ¹⁷,
1725 1741 1759 1767 ut

1010 1799 1067 1832 per
1087 1788 1268 1822 Sacerdotis
1289 1789 1493 1832 probabilem
1524 1790 1620 1822 litlcnt
1642 1789 1758 1822 merito

1011 1853 1266 1885 praesumamus,
1296 1843 1383 1886 quod
1405 1848 1469 1876 tota
1490 1843 1630 1876 Ecclesia
1653 1843 1757 1876 cidem

1011 1896 1144 1937 credita,
1165 1907 1223 1929 nec
1245 1907 1358 1939 rugam
1374 1897 1563 1940 cuiusquam
1583 1897 1757 1930 sitlcrroris

1012 1949 1181 1990 habitura,
1209 1961 1269 1983 nec
1298 1951 1481 1991 maculam,
1512 1951 1638 1984 dicente
1667 1953 1755 1995 Apo-

1011 2003 1107 2035 stolo:
1136 2003 1301 2047 Respondi
1319 2005 1406 2037 cuim
1427 2015 1476 2037 ros
1500 2005 1558 2038 uni
1579 2006 1644 2037 re'ro
1661 2006 1759 2048 virai-

1047 2120 1081 2146 ‘10
1100 2132 1111 2143 n
1131 2120 1196 2147 Tres
1206 2119 1272 2147 Vati.
1284 2121 1430 2155 facturam
1445 2133 1470 2147 ›·.
1488 2121 1606 2149 Caeciar.
1625 2121 1641 2148 l.
1656 2130 1679 2148 c.
1691 2121 1759 2148 Saue

1013 2168 1167 2194 perperam.

1049 2202 1077 2226 11
1105 2212 1116 2224 υ
1132 2200 1201 2236 Aliq.
1216 2200 1293 2228 codd.
1311 2210 1371 2228 cum
1387 2201 1452 2228 edit.
1469 2210 1583 2229 erronee
1599 2202 1758 2237 faveatis».

1014 2239 1139 2267 Ballerin.
1156 2245 1183 2267 et
1199 2241 1318 2268 Cacciar.
1341 2242 1367 2269 ll.
1384 2251 1423 2269 ce.

1051 2280 1083 2306 12
1107 2292 1118 2304 u
1135 2280 1204 2316 Aliq.
1222 2281 1285 2308 edit.
1302 2282 1484 2310 declinari».
1502 2282 1628 2310 Ballerin.
1650 2286 1677 2309 et
1692 2282 1759 2309 Cac-

1014 2320 1079 2347 ciar.
1097 2320 1125 2347 tt.
1143 2329 1183 2347 cc.
1202 2321 1281 2348 Forte
1297 2322 1403 2349 melius.

1051 2361 1081 2387 13
1100 2361 1134 2387 lix
1142 2361 1317 2388 edttlssalter.
1327 2362 1396 2397 Opp.
1407 2363 1436 2390 S.
1446 2363 1548 2391 Leonis
1558 2367 1575 2390 t.
1587 2370 1604 2395 1,
1615 2363 1667 2391 col.
1681 2363 1759 2391 1028.

1051 2401 1082 2427 14
1106 2412 1117 2425 r<
1133 2401 1206 2428 Plur.
1230 2401 1308 2429 codd.
1329 2404 1510 2437 ‚qt'rsttslenttttes
1535 2414 1559 2430 γε.
1584 2404 1677 2430 llaller,
1702 2404 1716 2429 l.
1735 2412 1757 2429 c.

1051 2442 1082 2468 15
1102 2452 1113 2465 ⁴<
1128 2441 1267 2468 litteodd.
1285 2443 1447 2476 qlorz'emur
1462 2455 1486 2470 n.
1506 2444 1629 2471 Bullerin⁴
1649 2444 1665 2470 l.
1686 2452 1709 2470 c,

1052 2482 1083 2508 16
1101 2491 1112 2507 tt
1126 2481 1165 2508 Al.
1180 2482 1251 2516 quia
1265 2492 1286 2508 ›>.
1301 2482 1424 2510 llallerin.
1438 2485 1455 2510 l.
1474 2493 1496 2510 c.
1515 2489 1541 2511 et
1557 2484 1674 2511 tlacciarz
1688 2485 1756 2519 01³1)⁴

1013 2522 1041 2549 S.
1067 2522 1167 2548 Leonis
1183 2526 1250 2557 part.
1274 2528 1301 2554 11,
1323 2531 1382 2559 pag.
1399 2523 1460 2550 246.

1052 2566 1080 2592 17
1106 2576 1119 2589 a
1135 2565 1201 2601 aliq.
1222 2566 1290 2601 vulg.
1310 2567 1471 2595 ostendisn.
1501 2568 1625 2595 ballerin.
1647 2572 1672 2594 et
1693 2568 1759 2595 Cac-

1014 2606 1077 2633 ciar.
1097 2605 1123 2632 ll.
1146 2614 1184 2632 cc.
