2244 3183
276 215 366 241 Aue
389 214 442 241 516

323 278 375 297 lteru
391 277 459 298 'sinm-

274 304 343 327 thrm,
354 304 428 324 Petrus
439 306 458 323 vt

275 333 370 350 aeacus,

299 1016 328 1036 At»
341 1016 373 1045 lus
384 1019 456 1042 itaque

272 1049 312 1062 non
330 1050 397 1063 nimus
420 1050 456 1063 ca-

272 1069 368 1090 tendum.

509 206 572 237 :388

477 263 568 295 theus
593 268 619 294 et
648 263 758 294 Petrus
779 262 893 293 horum
924 273 1088 304 sequaces,
1113 261 1216 294 homi-

475 326 529 347 nes
561 321 666 347 meme
693 314 848 356 corrupti,
877 319 904 345 et
935 313 1031 356 pestis
1056 314 1213 356 quaedam

475 367 612 399 nominis
644 367 829 399 detestanda
866 366 1035 405 catholici,
1076 376 1213 408 quorum

474 420 737 452 vmmmmioncm
760 420 789 451 in
813 420 906 452 l‘etro
927 419 1114 462 complexus
1134 420 1214 452 Aca-

473 473 561 511 ‹·ins‚
597 473 744 505 similiter
778 471 782 487 ¹
811 483 940 515 quoque
966 472 1083 505 meruit
1106 472 1214 505 subire

473 526 686 563 sententiam,
719 525 772 568 qui
806 531 926 558 tantum
970 526 1088 558 malum
1122 526 1213 569 quasi

473 578 560 622 parvi
576 579 759 617 aestimans,
781 584 809 611 et
830 578 1032 622 propositum
1047 589 1212 622 nunquam

473 632 511 664 ad
543 631 677 664 meliora
708 637 908 671 convertens,
932 643 971 665 ne
1000 632 1039 664 ab
1066 632 1126 664 illis
1144 632 1213 675 qui-

472 685 544 717 dem
570 696 625 724 se,
660 696 742 728 quac
763 685 792 716 in
817 685 984 718 Antiochia
1002 685 1210 725 detestamur,

471 738 644 773 abstinuit:
666 739 709 770 ihi
730 749 859 782 quoquc
881 739 1107 780 transgressori
1120 739 1213 772 Petro

471 791 700 824 communione
721 802 895 832 connexus,
917 792 948 824 in
969 793 1143 835 Apameam
1165 792 1212 824 ni-

471 844 537 876 hilo
552 844 657 876 miuus
671 844 828 877 hostiliter
843 850 982 878 versatus
1001 844 1020 885 ²,
1043 845 1210 878 ecclesiam

471 897 595 941 Tyriam
622 908 752 941 quoque
774 909 838 931 non
858 910 906 939 ea,
923 910 986 942 qua
1004 899 1111 932 decuit
1132 899 1211 932 inte-

472 950 598 992 gritate,
616 951 799 994 disponens.
829 953 962 995 Propter
994 964 1097 995 quae,
1131 953 1211 986 dile-

472 1004 604 1037 ctissimi
626 1005 776 1045 frati-0⁴5³,
806 1005 845 1037 ab
863 1015 975 1038 eorum
1002 1005 1210 1039 innodatione

471 1057 639 1097 solventes,
673 1058 758 1090 velut
786 1057 975 1099 religionem
1002 1059 1007 1074 '¹
1035 1059 1208 1101 quamdam

470 1110 654 1153 pestiferam
682 1111 912 1154 relinquentes,
947 1122 1110 1144 servemus
1134 1122 1209 1155 apo-

470 1163 615 1196 stolicam
629 1164 863 1207 disciplinam&
873 1164 966 1197 saluti
981 1170 1108 1197 nostrae
1121 1166 1208 1198 omni

471 1213 636 1258 diligentia
655 1223 685 1249 et
704 1217 920 1249 sollicitudine
937 1217 1153 1260 providentes,
1174 1229 1210 1250 ea

472 1280 548 1302 cura
569 1269 697 1302 nefandi
723 1270 859 1302 Nestorii
880 1270 1098 1304 declinemus⁶
1119 1281 1209 1303 erro-

469 1333 530 1362 res,
554 1332 617 1365 qua
642 1322 821 1366 Eutychetis
841 1322 940 1366 impia
958 1323 1083 1356 inventa
1103 1334 1210 1366 perse-

469 1374 610 1418 quimur.

512 1428 646 1461 Maxime
677 1428 763 1461 enim
795 1440 881 1462 nunc
917 1430 1068 1472 religiosa
1092 1431 1101 1447 ⁷
1133 1431 1208 1464 fidei

469 1482 620 1524 dogmata
631 1481 756 1515 diverso
767 1482 898 1515 incursu
908 1482 1036 1523 horum,
1049 1483 1103 1526 qui
1116 1493 1209 1526 prae-

469 1534 544 1567 dicti
569 1540 653 1574 sunt,
688 1534 894 1568 incursantur
926 1535 1048 1569 insidiis
1067 1537 1088 1575 ⁸,
1111 1537 1209 1570 scele-

469 1587 524 1620 stis
549 1598 608 1631 pro
628 1588 753 1621 ratione
776 1589 928 1632 temporis
949 1600 1006 1622 sua
1019 1596 1208 1631 argumenta

469 1641 681 1680 nectentibus,
710 1642 874 1684 quomodo
905 1642 1029 1685 possint
1056 1643 1208 1676 innocen-

471 1693 548 1726 tium
579 1693 636 1726 viis
669 1694 811 1727 fraudem
838 1705 913 1727 suae
934 1695 1105 1738 impietatis
1126 1695 1208 1729 inse-

467 1758 549 1780 rere.
579 1748 681 1790 Atque
708 1747 780 1779 ideo
805 1747 887 1780 sicut
915 1748 1000 1781 docti
1025 1750 1207 1782 nummula-

467 1800 505 1832 rii
525 1806 551 1833 et
568 1800 745 1844 prudenter
760 1801 915 1841 instructi,
932 1801 971 1833 ab
986 1801 1207 1845 improbandis

469 1854 628 1887 laudanda
646 1859 843 1898 separantes,
864 1855 972 1887 talenti
990 1855 1080 1888 vobis
1094 1856 1206 1889 crediti

468 1906 616 1949 poteritis
637 1906 852 1950 multiplicare
865 1908 1087 1941 substantiam.
1109 1910 1203 1949 llaec,

467 1960 665 1993 dilectissimi
679 1962 803 2000 fratres,
816 1961 1001 2005 scripsimus
1009 1963 1123 2006 plenae
1131 1963 1206 1996 cha-

468 2014 568 2047 ritatis
589 2014 741 2058 impulsu,
769 2014 844 2058 quia
864 2026 953 2058 spem
967 2016 977 2031 ‘³
994 2016 1069 2049 fidei
1083 2022 1206 2050 vestrae

506 2122 514 2146 1
539 2120 601 2146 «Al.
619 2120 779 2147 similem».
804 2120 884 2148 llard.
902 2120 980 2148 Forte
998 2122 1102 2149 melius.

504 2164 521 2190 ‘2
541 2164 623 2191 Porro
643 2173 695 2191 non
711 2165 826 2192 Aeacius
846 2166 964 2201 proprie,
985 2175 1015 2193 ac
1037 2175 1084 2202 per
1099 2176 1138 2199 se,
1159 2169 1206 2195 sed

466 2209 562 2235 Petrus
592 2208 665 2236 Fullo
683 2231 689 2242 ,
715 2217 830 2244 quocun]
850 2210 961 2237 Aeacius
989 2211 1045 2246 ipse
1071 2212 1105 2238 ob
1136 2212 1205 2239 Petri

466 2252 552 2286 lllongi
573 2252 727 2279 societatem
745 2253 903 2280 coniunctus
914 2254 1085 2289 censebatur,
1101 2255 1127 2282 in
1138 2257 1204 2291 Apa-

465 2305 541 2323 meae
557 2297 705 2324 Ecclesiam
724 2298 858 2325 hostiliter
872 2307 901 2325 se
920 2299 1013 2334 gessit,
1030 2309 1123 2335 quum,
1136 2301 1206 2336 Apa-

465 2341 551 2367 menis
571 2341 671 2375 invitis,
688 2341 813 2369 loannem
830 2343 972 2370 ordinavit.
990 2344 1010 2370 E
1026 2344 1204 2372 C011t,Const.

500 2384 515 2410 3
531 2384 630 2419 Supple
646 2394 703 2411 nos.

500 2429 517 2454 12
531 2429 608 2455 Certe
625 2430 718 2456 melius
734 2431 766 2458 ad
782 2439 852 2458 sens.
870 2432 956 2459 Caras.
974 2432 1047 2460 vetut
1064 2433 1206 2467 reyionem

465 2473 632 2506 qnamdam.

500 2517 516 2542 5
536 2518 615 2544 Forte
643 2518 747 2551 legend.
774 2510 978 2554 disciplinam:
998 2524 1024 2547 et
1047 2521 1134 2549 satuti
1151 2530 1202 2548 no-

467 2565 554 2589 strae.

500 2606 516 2631 G
532 2605 627 2633 Baron.
651 2607 776 2636 vitemus.

1009 215 1158 238 Art‘Ethx
1180 215 1321 238 BULLAtui
1345 216 1461 239 nomm

2019 216 2109 243 Aac.
2131 217 2184 245 516
2222 230 2223 233 ¹

1249 262 1389 305 primum
1404 263 1457 295 Ilei
1476 263 1606 302 dono¹¹¹‚
1626 263 1741 296 deinde
1762 270 1793 296 et
1806 264 1912 297 fratris
1930 275 1986 297 no·
2028 278 2186 307 leanqismco-

1249 314 1304 347 stri
1322 315 1460 355 loannis,
1484 315 1537 359 qui
1559 315 1647 348 vobis
1668 316 1838 359 praesidet,
1862 318 1985 360 profes·
2001 305 2186 356 Essssthssfl'nffltiss
2221 307 2223 345 l

1249 367 1338 400 sione
1371 369 1661 412 praesumpsimus:
1696 380 1758 412 qua
1794 370 1984 403 nominatim
2002 358 2078 379 ''¹⁰¹⁸'‘
2092 358 2172 379 ¹³⁰⁶³¹'
2221 360 2223 390 ¹,

1249 431 1373 461 omnes,
1396 431 1477 465 quos
1497 422 1673 465 apostolica
1699 433 1735 455 ac
1759 423 1918 464 generalis
1936 434 1986 456 ca-

1251 474 1442 507 tholicorum
1469 475 1664 509 condemnat
1688 475 1837 515 Ecclesia,
1858 486 1986 509 execra-

1248 527 1329 560 biles
1349 527 1408 560 sibi
1428 538 1495 561 esse
1517 528 1704 568 declaravit3
1733 539 1814 571 quos
1834 539 1888 562 xos
1907 539 1987 572 quo-

1248 591 1309 623 que
1337 580 1365 612 in
1393 580 1505 613 litteris
1531 580 1641 613 vestris
1659 581 1801 624 oportuit
1822 581 1988 614 evidenter

1248 633 1439 677 exprimere,
1470 645 1529 667 nec
1554 634 1702 667 arbitrari
1728 645 1820 678 posse
1840 634 1988 668 sufficere

1247 686 1307 719 sibi
1338 686 1464 719 tantis¹¹
1486 688 1676 730 praesertim
1704 687 1827 721 insidiis
1848 688 1984 722 callido-

1247 751 1330 780 rum,
1354 751 1435 784 quos
1464 740 1581 773 viritim
1609 747 1640 773 et
1668 740 1811 782 singulos
1839 741 1987 775 insectari

1247 793 1417 833 convenit,
1452 799 1546 837 atque
1572 793 1736 833 damnare,
1763 794 1822 827 sub
1848 794 1986 837 quadam

1246 856 1301 878 eos
1325 846 1465 887 generali
1487 846 1695 879 damnatione
1715 848 1918 880 concludere.
1936 847 1988 881 Di-

1246 899 1397 941 ligentem
1417 905 1578 943 quaerunt
1591 900 1723 932 vulnera
1737 899 1869 943 antiqua
1886 900 1987 934 medi-

1246 952 1368 993 cinarn3
1385 963 1444 986 nee
1462 953 1630 986 abundans
1647 964 1715 986 esse
1734 953 1877 986 creditur
1889 953 1985 996 quid-

1245 1006 1322 1049 quid
1354 1017 1412 1050 pro
1441 1006 1623 1047 integritate
1654 1006 1728 1039 ndei
1755 1012 1783 1039 et
1813 1006 1986 1040 stabilitate

1245 1059 1410 1101 religionis
1432 1059 1612 1092 adhibetur.
1633 1059 1724 1092 Unde
1746 1059 1889 1092 libellum
1911 1070 1983 1092 cum

1245 1112 1358 1145 litteris
1390 1112 1557 1151 misimus,
1582 1112 1633 1145 cui
1655 1123 1708 1145 vos
1732 1112 1984 1156 subscriptiones
1998 1148 2011 1168 b
2027 1121 2184 1169 „Fideiquigctjj

1244 1165 1392 1209 proprias
1412 1165 1543 1198 inserite
1557 1164 1589 1204 ¹²,
1606 1171 1640 1197 ut
1652 1165 1731 1198 fides
1748 1171 1862 1205 vestra,
1885 1176 1982 1209 quam
1998 1153 2184 1222 Ηὶεωὲἷιῗῗὲξὼω-

1245 1217 1366 1251 directa
1397 1229 1454 1261 per
1482 1217 1631 1250 Rufinum
1663 1217 1834 1250 diaconum
1864 1217 1984 1262 scripta
2125 1217 2130 1222 ’

1245 1277 1411 1311 testantur,
1431 1272 1517 1314 apud
1537 1281 1595 1304 nos
1615 1271 1670 1304 fiat
1683 1271 1777 1304 huius
1792 1281 1922 1315 quoque
1935 1282 1984 1304 re-

1243 1324 1407 1368 petitionis
1427 1324 1607 1358 adiectione
1632 1324 1840 1358 manifestior.

1287 1377 1363 1410 Data
1372 1387 1428 1411 xm
1444 1378 1506 1410 kal.
1521 1379 1609 1418 Dee„
1626 1378 1718 1411 Petro
1739 1378 1775 1411 V.
1792 1378 1822 1412 C.
1837 1378 1984 1415 Consule.

1279 1439 1340 1466 Dat.
1354 1438 1397 1465 die
1411 1440 1441 1465 19
1457 1438 1630 1472 Novembris,
1646 1447 1691 1465 an.
1709 1438 1772 1466 516.

1465 1590 1647 1623 EPISTULA
1674 1591 1724 1623 Xll
1738 1589 1767 1623 ¹³.

1242 1696 1334 1729 Aviti
1354 1696 1390 1728 etv
1409 1699 1494 1728 statu
1517 1696 1686 1728 orientatis
1706 1696 1866 1729 Ecclesiae
1891 1696 1982 1729 solti-

1286 1749 1465 1781 citudinem
1489 1749 1711 1789 commendat,
1746 1760 1906 1792 suumque
1939 1751 1982 1782 st-

1288 1803 1426 1835 tentium
1439 1813 1594 1834 arcus-nns-
1609 1802 1788 1836 Orientatis
1810 1802 1982 1845 legationis

1287 1855 1448 1897 infcticern
1472 1855 1593 1887 cafitwn
1622 1855 1746 1898 aperit:
1769 1859 1838 1888 tum
1854 1855 1979 1898 plnres,

1285 1919 1321 1940 ac
1349 1908 1542 1951 praesertim
1566 1908 1678 1941 veteris
1706 1908 1801 1951 Epiri
1820 1909 1983 1941 antistites

1285 1962 1328 1994 act
1341 1962 1371 1994 S.
1389 1962 1429 1995 A.
1447 1962 1706 1995 comnumioncm
1722 1972 1860 1994 reversos
1879 1962 1982 2005 siqni-

1285 2015 1395 2057 ficans,
1419 2015 1551 2048 Avitum
1572 2015 1615 2047 ad
1633 2015 1729 2057 fidem
1748 2014 1979 2048 vindicandam

1276 2122 1290 2148 7
1313 2121 1407 2148 Baron.
1430 2121 1593 2155 retz'yiosae.

1275 2170 1290 2195 8
1310 2169 1384 2195 (lunt.
1402 2170 1492 2195 Const.
1510 2173 1583 2196 recte
1599 2169 1715 2203 corrig.:
1733 2169 1842 2197 diverso
1863 2169 1981 2198 Incursu

1240 2219 1355 2252 horum,
1374 2218 1425 2253 qni
1442 2219 1588 2253 praedicti
1601 2222 1679 2253 snut,
1695 2219 1890 2251 incursantur,
1907 2219 1979 2246 insi-

1240 2269 1318 2295 diose
1339 2269 1399 2295 istis
1420 2268 1540 2295 scelestis
1560 2275 1614 2302 pro
1642 2268 1754 2295 ratione
1775 2269 1910 2303 temporis
1929 2277 1980 2297 sna

1240 2320 1413 2352 armamenta
1425 2317 1610 2351 nectentibus,
1626 2317 1652 2343 si
1666 2326 1718 2352 quo
1734 2317 1978 2352 modopossiut....

1275 2367 1292 2393 9
1308 2366 1403 2393 Baron.
1421 2366 1471 2401 qni
1485 2369 1511 2393 et
1526 2374 1614 2400 spem.
1632 2366 1717 2393 Caras.
1739 2366 1807 2401 qnia
1820 2370 1847 2395 et
1856 2374 1944 2402 spem.

1280 2416 1310 2442 10
1330 2415 1369 2442 ld.
1386 2416 1419 2442 de
1435 2415 1490 2443 Dei
1501 2415 1583 2442 dono-

1274 2465 1304 2491 11
1328 2464 1379 2498 Id⁸5
1397 2468 1424 2491 et
1438 2464 1533 2491 Baron.
1557 2464 1624 2491 forte
1644 2465 1744 2492 rectius
1757 2466 1808 2492 sub
1825 2465 1923 2492 tantis.

1272 2513 1308 2539 42
1331 2524 1341 2537 ιι
1358 2513 1521 2540 Ιιιεενενε».
1535 2512 1601 2539 vau.
1615 2512 1703 2545 codd.⁷
1721 2513 1745 2539 in
1764 2513 1862 2548 quibus
1877 2513 1979 2540 omitti-

1239 2567 1282 2590 tur
1303 2563 1412 2589 verbum
1433 2566 1540 2597 oportet
1559 2563 1627 2589 forte
1646 2570 1801 2589 amauricus
1826 2563 1931 2590 mendo.

1272 2610 1306 2636 13
1323 2610 1360 2637 Ex
1377 2611 1457 2638 Labb.
1473 2611 1581 2639 Concit.
1599 2611 1709 2639 Collect.
1729 2614 1791 2637 tom.
1809 2618 1834 2644 v,
1850 2610 1901 2638 col.
1913 2610 1977 2638 584.
