2244 3183
243 222 292 249 An.
311 223 340 251 C.
358 223 409 250 495

285 390 347 410 istius
363 393 426 416 perti·

245 422 313 438 nacla.

249 975 320 995 Aeacii
336 974 432 1001 pertidia.

283 1880 367 1900 Petrum
383 1880 439 1900 Alex.

255 1907 350 1927 iudicare
366 1906 387 1927 S.
403 1907 439 1932 Ap.

255 1935 393 1954 reservatum.

473 214 536 248 292

443 271 606 306 munionis
627 272 776 315 contagio
796 270 802 288 ¹
822 282 977 309 cessasse;
995 282 1031 305 ae
1048 282 1112 305 non
1134 283 1185 306 so-

444 325 509 358 lum
528 325 597 368 ipso
620 330 776 369 tempore,
801 335 865 368 quo
886 324 914 357 ei
936 324 1185 358 communicavit

445 379 589 418 Aeacius,
624 379 678 411 sed
705 379 800 412 etiam
827 385 897 423 post
923 380 1185 413 communionem

445 432 713 476 praevaricatoris
752 432 857 465 Aeacii
885 443 1013 476 semper
1046 434 1184 466 Alexan-

445 485 574 517 drinum
594 485 722 517 Petrum
742 485 772 517 in
791 485 1028 518 haereticorum
1051 486 1187 528 collegio

445 538 654 581 perdurasse:
691 544 786 581 atque
811 537 855 570 ita
875 544 905 571 et
922 549 979 582 per
999 538 1085 571 hunc
1103 540 1184 571 Aca-

446 591 529 624 cium
563 590 707 634 persidae
737 590 976 624 communionis
1011 591 1188 635 suscepisse

446 643 644 686 contagium,
665 649 696 677 et
712 655 769 687 per
793 645 940 677 eamdem
962 644 1022 677 illis
1050 644 1188 677 haereti-

446 697 502 736 cis,
523 697 640 740 quibus
657 697 768 730 Petrus
783 697 1054 737 communicabat,
1075 697 1187 730 eadem

446 756 534 794 peste
555 750 775 783 coniunctum.
806 751 864 789 Qui
888 751 1104 794 praesumpsit
1124 761 1188 783 non

447 809 572 836 serrato
605 803 719 837 ordine
755 804 884 836 Petrum
917 804 1096 847 suscipere,
1131 814 1189 837 nec

447 857 663 890 examinatum
686 867 770 897 eum,
795 867 854 890 nee
872 858 1078 900 cognoscitur
1095 868 1186 890 rece-

447 911 531 956 pisse
562 916 753 955 purgatum,
789 917 819 944 et
850 910 923 944 ideo
944 916 1072 954 praeter
1101 911 1190 944 Sedis

448 964 649 1009 Apostolicae
670 964 828 1003 notitiam,
851 975 916 997 non
933 964 1108 1007 legitimam
1131 964 1189 997 sibi

448 1018 516 1052 eius
547 1018 767 1062 receptionem
797 1028 953 1062 usurpare
984 1018 1133 1059 voluisse,
1157 1024 1191 1051 ut

448 1071 719 1105 examinationem
738 1071 806 1104 cius
824 1077 854 1104 et
866 1071 1092 1115 purgationem
1112 1080 1188 1115 pos-

447 1131 565 1170 setpro
582 1135 640 1158 sua
660 1125 823 1157 voluntate
844 1124 984 1165 mentiri,
1006 1130 1102 1168 atque
1117 1136 1189 1158 eum

448 1190 507 1212 nec
537 1178 765 1219 examinatum,
798 1189 856 1211 nec
885 1178 1043 1222 reciperet
1057 1179 1191 1212 omnino

448 1238 634 1278 purgatum.
656 1232 756 1271 Quem
779 1232 803 1265 si
824 1243 935 1266 revera
951 1233 1048 1266 vellet
1072 1233 1192 1265 exami-

448 1292 559 1320 natum
581 1290 823 1330 purgatumque
851 1286 1015 1330 recipere,
1043 1286 1190 1320 ordinem

449 1341 481 1373 in
501 1340 569 1373 eius
587 1339 823 1373 examinatione
838 1345 867 1372 et
881 1340 1066 1384 receptione
1087 1340 1194 1383 potius

450 1393 662 1434 custodisset,
694 1404 734 1427 ne
762 1393 925 1426 videretur
952 1393 1072 1435 magis,
1097 1405 1192 1437 quam

449 1447 606 1480 veraciter
618 1451 737 1490 posset,
752 1446 821 1479 iure
834 1457 974 1490 purgare
985 1446 1005 1479 ².
1018 1446 1103 1480 Sicut
1120 1458 1195 1489 ergo

451 1505 524 1533 ante
544 1511 609 1533 non
630 1500 719 1544 prius
734 1500 907 1540 damnavit,
929 1510 1025 1544 quam
1047 1506 1074 1533 et
1099 1501 1196 1533 reser-

450 1560 508 1594 ret,
533 1559 564 1586 et
587 1559 734 1597 posceret
755 1553 818 1586 ab³
838 1554 1014 1597 apostolica
1039 1559 1195 1597 potestate

452 1608 688 1648 damnandum,
703 1607 748 1640 sie
765 1607 839 1640 etin
858 1607 1045 1651 recipiendo
1064 1608 1194 1641 modum

453 1672 581 1694 servare
610 1660 793 1701 debuisset,
821 1666 856 1693 ut
884 1661 1071 1704 priusquam
1101 1672 1134 1694 se
1168 1661 1195 1693 ei

453 1714 683 1747 communione
705 1714 873 1754 misceret,
894 1725 952 1758 per
973 1714 1087 1747 Sedem
1106 1715 1193 1758 Apo-

453 1768 597 1800 stolicam
620 1773 768 1811 posceret
789 1768 964 1801 examinari
986 1779 1071 1808 eum,
1097 1774 1125 1801 et
1146 1769 1193 1801 le-

454 1821 565 1864 gitima
585 1821 710 1854 ratione
731 1821 881 1865 purgari,
902 1832 973 1854 cum
992 1832 1050 1854 nec
1071 1822 1193 1855 exami-

455 1875 552 1908 nandi
585 1881 639 1908 aut
667 1874 844 1918 recipiendi
874 1886 945 1908 eum
972 1876 1106 1908 haberet.
1130 1876 1197 1919 ipse

455 1928 670 1973 pontificium,
703 1933 731 1961 et
762 1928 890 1961 nonnisi
918 1939 977 1972 per
998 1928 1083 1961 illius
1107 1929 1197 1962 Sedis

456 1981 680 2015 auctoritatem
712 1992 971 2025 consensumque
1003 1982 1063 2014 hoc
1091 1988 1196 2025 posset

456 2035 602 2078 implere,
626 2035 694 2068 sine
711 2035 802 2067 cuius
823 2035 1012 2068 auctoritate
1034 2046 1106 2067 eum
1134 2045 1196 2068 non

456 2088 629 2132 potuerat⁴
655 2088 722 2132 ipsc
751 2089 916 2129 damnare,
945 2094 975 2121 ct
1005 2088 1094 2121 cuius
1112 2089 1199 2132 prin-

457 2141 551 2185 cipali
573 2141 740 2184 diligentia
763 2147 793 2174 et
820 2141 935 2174 discuti
953 2141 1057 2185 potuit
1077 2147 1106 2174 ct
1120 2153 1197 2185 pur-

457 2194 542 2237 gari,
567 2200 598 2227 et
618 2195 657 2228 ad
683 2194 946 2228 communionem
972 2195 1199 2227 convenienter

458 2248 594 2281 admitti.
618 2248 695 2281 Cum
718 2248 802 2281 enim
830 2253 964 2289 constet,
995 2259 1122 2292 semper
1145 2254 1200 2281 aut

496 2409 505 2433 1
529 2407 611 2435 Codd.
629 2407 685 2434 Vat.
707 2408 883 2442 contaqfone.

494 2452 510 2478 2
531 2452 597 2479 Cod.
621 2452 719 2479 Veron.
747 2451 780 2478 ad
812 2460 922 2479 sensum
951 2452 1040 2488 inepte
1068 2455 1098 2479 ul
1124 2452 1198 2480 vide-

460 2500 542 2523 retur
564 2497 665 2531 mayis,
684 2505 771 2532 quam
793 2496 929 2525 veraciter
940 2500 1034 2531 posset
1050 2497 1113 2524 iure
1125 2505 1197 2531 pur-

459 2542 535 2575 gari.
555 2541 672 2575 Legend.
695 2544 783 2568 tamen
804 2549 900 2568 censeo
917 2542 1056 2576 pur-yart.

496 2584 513 2611 3
532 2584 572 2611 At.
588 2584 631 2611 cui
651 2584 784 2611 consentit
800 2593 825 2611 n·
847 2585 907 2612 cod.
920 2586 985 2612 3791
998 2589 1122 2620 posceret
1133 2594 1200 2620 apo-

461 2629 562 2657 stolz'ca
582 2629 753 2658 auctoritate
774 2630 984 2658 eliminandum.

974 226 984 246 Α
992 224 1121 248 ΡΡΕΧΒΙΧ
1147 224 1297 249 BULLARII
1318 225 1437 250 ROMAM

1220 272 1309 306 Sedis
1334 272 1536 317 Apostolicae
1561 272 1752 305 auctoritate
1776 272 1961 306 huiusmodi

1221 336 1375 369 personas
1401 330 1452 358 aut
1472 325 1630 358 discussas
1643 325 1691 358 vel
1710 335 1777 358 esse
1794 331 1957 369 purgatas,

1221 385 1273 412 aut
1300 379 1343 412 sic
1366 379 1404 411 ab
1427 378 1496 412 aliis
1527 378 1644 422 quibus
1670 379 1872 422 competebat
1888 379 1958 423 epi·
2001 391 2161 413 naereticorum

1222 432 1326 476 scopis
1347 432 1520 472 absolutas,
1547 437 1581 464 ut
1601 436 1708 464 tamen
1726 431 1885 464 absolutio
1903 442 1958 465 ea·
1976 419 2161 471 {¹³3⁰f2‘135’53'8233

1976 473 2048 493 ritate.

1222 497 1291 519 rum
1328 496 1362 518 ex
1395 485 1485 518 Sedis
1519 484 1721 528 Apostolicae
1752 484 1963 518 consensione

1223 538 1394 583 penderet,
1415 538 1470 571 ubi
1487 543 1661 581 utriunque
1691 537 1802 578 defuit,
1826 548 1885 570 nec
1909 537 1960 570 di-

1223 592 1421 625 scussionem
1446 592 1634 635 legitimam,
1658 602 1718 625 nec
1737 591 1963 635 purgationem

1223 645 1362 685 sirmam,
1393 655 1430 678 ac
1460 655 1517 689 per
1545 645 1605 678 hoc
1631 644 1849 689 receptionem
1870 644 1965 677 fuisse

1224 704 1348 732 constat
1380 698 1570 731 indebitam.
1606 698 1637 732 si
1676 703 1709 731 tu
1741 697 1862 742 absque
1894 708 1966 730 mea

1224 751 1454 784 communione
1482 752 1610 784 Petrum
1638 750 1785 784 iudicasti
1816 760 1883 783 esse
1908 760 1963 782 ca-

1224 804 1392 846 tholicum,
1417 815 1533 848 meque
1554 805 1716 848 despecto,
1740 809 1796 836 tuo
1809 814 1882 836 eum
1898 802 1966 836 iure

1224 857 1384 902 recepisti,
1417 858 1494 902 quid
1527 857 1678 898 causaris,
1702 857 1726 890 si
1748 857 1839 890 illum
1865 866 1924 898 ego
1949 867 1968 889 a

1225 911 1454 945 communione
1473 922 1554 952 mea,
1575 921 1671 955 quam
1689 916 1721 944 tu
1742 909 1869 943 voluisti
1889 920 1967 943 con-

1226 971 1392 1010 temptam,
1413 971 1565 1008 tanquam
1584 965 1705 1008 absque
1725 968 1778 997 tua
1791 963 1904 996 notitia
1920 963 1967 996 vel

1225 1019 1460 1053 consultatione
1471 1018 1665 1062 repulerim?
1679 1017 1731 1051 Vis
1741 1017 1968 1061 adquiescere?

1225 1074 1311 1107 Meus
1331 1084 1374 1106 es.
1399 1073 1468 1106 Non
1482 1072 1527 1105 ris
1541 1072 1773 1116 adquiescere?
1786 1072 1857 1105 Non
1877 1081 1968 1104 meus

1226 1138 1277 1160 es:
1306 1127 1371 1167 Qua?
1384 1127 1470 1159 enim
1490 1136 1615 1158 mecum.
1635 1135 1700 1158 non
1720 1129 1774 1166 est,
1795 1128 1907 1157 contra
1921 1134 1970 1157 me

1226 1185 1287 1221 esu·
1302 1185 1329 1212 ct
1350 1180 1410 1223 qui
1426 1189 1549 1212 mecam
1570 1189 1635 1211 non
1656 1178 1793 1221 colliqit,
1810 1177 1968 1221 sparyiffi.

1227 1234 1352 1273 Quaero
1365 1233 1421 1266 abs
1442 1238 1483 1273 te,
1507 1232 1638 1265 Petrum
1659 1230 1858 1264 haereticum
1874 1230 1970 1263 fuisse

1228 1293 1332 1331 putas,
1352 1297 1395 1319 an
1410 1285 1617 1327 catholicum,
1642 1295 1681 1318 an
1695 1285 1735 1317 ab
1749 1284 1876 1318 haeresi
1888 1284 1899 1300 ⁶
1914 1294 1972 1328 po-

1227 1346 1293 1373 stea
1310 1350 1378 1373 esse
1392 1344 1573 1372 correctum
1585 1340 1599 1371 Ἴ
1620 1338 1652 1371 Si
1672 1337 1884 1378 haereticum,
1901 1337 1972 1370 nul—

1229 1395 1353 1427 latenus
1371 1393 1475 1426 eidem
1501 1391 1743 1425 communicare
1764 1390 1912 1431 debuisti,
1940 1396 1972 1424 et

1229 1448 1334 1482 eidem
1363 1446 1635 1480 communicando
1666 1445 1819 1479 haeretici
1848 1450 1878 1478 te
1897 1455 1969 1477 ma-

1230 1502 1381 1535 nifestum
1399 1507 1446 1534 est
1466 1501 1585 1534 sactum
1607 1499 1703 1533 fuisse
1723 1498 1925 1544 participem,
1942 1504 1973 1532 et

1230 1556 1297 1589 cius
1319 1559 1556 1598 consequenter
1582 1565 1619 1587 ex
1646 1553 1760 1597 synodi
1782 1557 1894 1586 tenore
1913 1562 1969 1585 ve-

1229 1609 1338 1642 niente
1359 1607 1566 1641 damnatione
1591 1606 1778 1648 constringi.
1807 1605 1837 1639 Si
1856 1605 1970 1639 catho-

1230 1662 1348 1702 licum,
1371 1662 1478 1705 palam
1502 1660 1600 1694 totius
1624 1659 1783 1703 dogmatis
1803 1670 1836 1692 es
1856 1659 1969 1692 defen-

1230 1726 1293 1755 sor,
1329 1715 1416 1758 quod
1448 1713 1643 1747 catholicum
1677 1724 1744 1746 esse
1769 1712 1969 1757 pronuntias.

1230 1770 1273 1802 Ac
1305 1767 1517 1801 nihilominus
1543 1767 1629 1800 illius
1661 1777 1774 1800 errore
1800 1765 1970 1806 censeris⁷,

1230 1822 1255 1855 si
1276 1821 1474 1854 haereticum
1500 1820 1597 1853 luisse
1615 1819 1760 1860 definias,
1788 1819 1842 1852 sed
1864 1824 1975 1863 postea

1231 1874 1406 1908 correxisse
1437 1874 1642 1918 praetendas,
1666 1873 1759 1917 eique
1781 1878 1809 1905 te
1837 1877 1974 1916 purgato

1232 1927 1488 1961 communicasse
1508 1926 1708 1971 pronunties.
1728 1925 1859 1959 Interim
1873 1925 1905 1958 in
1920 1920 1976 1958 cu-

1232 1982 1280 2015 ius
1300 1991 1439 2025 persona
1460 1991 1511 2013 me
1536 1980 1764 2022 negligendum
1783 1989 1851 2012 esse
1872 1977 1975 2012 credi-

1233 2034 1317 2075 disti,
1342 2034 1467 2067 causari
1483 2044 1547 2066 non
1567 2039 1670 2077 potes,
1688 2033 1775 2076 quod
1796 2032 1828 2065 in
1844 2032 1904 2066 hac
1924 2042 1975 2065 ea-

1233 2089 1304 2122 dem
1329 2093 1357 2121 te
1378 2088 1445 2121 eius
1465 2098 1605 2132 persona
1625 2086 1831 2129 neglexerim.
1855 2086 1975 2120 Deinde

1233 2153 1304 2175 cum
1331 2142 1399 2175 sine
1416 2152 1467 2174 me
1489 2141 1537 2175 ius
1553 2152 1619 2174 non
1640 2140 1791 2174 habueris
1812 2141 1860 2173 vel
1874 2140 1975 2173 absol·
1989 2143 2101 2192 Afggffi
2115 2142 2173 2195 §1⁶3ss
2211 2149 2219 2173 ,’

1233 2196 1337 2236 rendi,
1362 2196 1409 2229 vel
1431 2195 1607 2239 recipiendi
1624 2194 1810 2228 huiusmodi
1829 2194 1889 2226 rite
1902 2204 1975 2238 per·
1990 2204 2025 2219 sus
2040 2197 2156 2223 ntegrum.

1233 2260 1357 2289 sonam,
1381 2259 1440 2281 nec
1454 2253 1625 2293 purgatum
1640 2248 1649 2264 ³
1669 2247 1826 2290 legaliter,
1847 2257 1906 2280 nec
1926 2257 1976 2279 re-

1268 2409 1282 2435 4
1303 2409 1366 2436 Cod.
1394 2408 1452 2435 Vat.
1472 2407 1539 2435 1344
1555 2415 1611 2435 non
1627 2410 1752 2442 poterat,

1267 2454 1283 2480 5
1298 2453 1389 2480 Matth.
1407 2461 1455 2487 xn,
1472 2452 1516 2483 30,
1526 2452 1572 2479 ubi
1588 2452 1664 2486 Vulg.
1677 2451 1777 2487 inquit:
1796 2451 1850 2484 Qui
1865 2459 1923 2478 non
1937 2453 1975 2479 est

1233 2505 1340 2525 mecum
1346 2518 1400 2528 .....
1422 2500 1448 2523 et
1469 2505 1528 2523 mox
1549 2497 1598 2531 qui
1613 2504 1669 2523 non
1685 2498 1838 2530 conareyat
1853 2503 1973 2523 mecum.

1269 2543 1284 2566 ὃ
1300 2541 1338 2568 ld.
1358 2541 1414 2568 cod.
1432 2550 1471 2568 αη
1488 2541 1607 2568 haeresi.

1268 2586 1281 2612 7
1298 2586 1337 2613 At.
1355 2594 1506 2621 perperam,
1522 2589 1551 2612 ut
1567 2584 1682 2619 videtur,
1700 2585 1817 2612 censeri.

1268 2630 1283 2657 8
1300 2629 1384 2657 Codd.
1405 2638 1452 2658 nn.
1474 2638 1534 2657 cum
1550 2629 1647 2656 Veron.
1662 2631 1829 2665 purgatam.

1993 222 2043 251 An.
2061 223 2088 251 C.
2107 223 2159 251 495

2022 1397 2112 1419 Aeacius
2126 1397 2170 1426 suis

1988 1425 2057 1455 verbis
2069 1426 2170 1445 consu-m-
2220 1435 2222 1438 -

1987 1454 2048 1478 gitur.
