2244 3183
259 225 309 252 An.
326 225 354 252 C.
375 224 426 253 462

286 873 369 893 Leontii
388 872 443 892 litu»

259 907 295 920 ιἰιι,
318 900 358 919 sibi
383 905 444 918 arce-

259 930 374 952 ptissunae.

253 1194 255 1196 “
281 1193 355 1213 Eidem
366 1193 443 1213 electio

260 1226 299 1240 sua
314 1220 391 1239 dudum
408 1226 443 1245 pa«

260 1247 345 1266 [efacta.

282 1513 405 1534 Cimbrum-es
414 1513 446 1533 lll-

261 1543 318 1561 tri-,ts
333 1543 425 1566 exoptat.

261 1940 344 1962 Leontii
360 1947 397 1967 pro
409 1947 446 1962 cu-

259 1969 329 1988 stodia
341 1975 445 1990 lenonum

260 1996 388 2015 sollieitutlo.

489 215 531 249 ἓ

535 216 554 249 ιθ

694 273 879 308 EPISTOLA
910 274 935 308 II
953 272 972 307 ¹.

457 375 580 407 Leontii
592 374 718 407 litteras
730 374 789 407 sibe·
798 374 1003 417 qratissz'mas
1018 374 1196 414 ostendens,

502 424 688 456 electionem
699 434 791 456 snam
805 424 868 466 ipsi
880 423 1006 457 iamdiu
1018 434 1049 456 se
1064 423 1201 465 nisanise-

501 477 600 505 stasse
611 472 786 515 sissnificat;
795 476 861 505 tum
874 473 940 505 cius
951 472 1201 506 solticitudinem

497 532 557 564 pro
570 532 731 554 canonum
748 522 891 555 custodia
906 522 1146 561 commendans,
1165 521 1202 553 de

501 571 722 604 Ecclesz'aruin
745 571 919 614 disciplina
941 571 981 604 ab
1001 571 1071 615 ipso
1091 571 1202 603 admo-

500 621 573 652 neri
596 621 681 664 cupit.
698 647 705 660 ,
728 630 817 664 seque
840 621 1053 664 episcoporum
1075 631 1203 653 concor-

501 669 575 702 diae
599 670 670 702 totis
689 669 811 702 viribus
827 670 959 713 spondet
979 670 1199 712 provisurum.

509 749 710 777 Dilectissimo
726 749 816 777 fratri
827 749 952 777 Leontio
963 749 1085 776 Hilarus
1101 749 1155 776 PP.

502 812 670 846 Dilectioni
690 823 798 853 meae,
832 822 914 855 quae
942 811 1026 845 circa
1045 811 1202 845 Ecclesias

459 866 655 907 Gallicanas,
685 876 862 910 omnesque
887 866 919 898 in
937 865 982 899 eis
1005 865 1133 899 Domini
1154 876 1202 898 sa-

460 920 607 954 cerdotes
636 921 731 954 etiam
760 921 791 953 in
820 920 965 954 inferiori
992 921 1093 964 gradu
1118 919 1203 964 posi-

460 978 509 1006 tos
522 973 677 1014 abundat,
690 974 827 1006 multum
845 973 970 1007 accedit
987 973 1169 1016 argumenti
1179 972 1200 1014 ¹³,

460 1027 548 1070 quod
571 1038 630 1071 per
658 1027 761 1060 virum
791 1027 999 1071 spectabilem
1024 1027 1202 1071 Pappolum

460 1081 563 1114 filium
585 1086 731 1114 nostrum
752 1081 911 1114 sermonis
932 1080 978 1114 tui
999 1081 1039 1114 ad
1060 1091 1111 1114 me
1131 1086 1205 1113 sunt

460 1134 565 1167 delata
584 1134 754 1178 principia.
772 1134 814 1167 Ex
837 1145 901 1178 quo
924 1139 1031 1167 tamen
1052 1133 1201 1173 coniicio,

459 1188 610 1231 paginam
641 1199 764 1229 meam,
793 1198 889 1231 quam
922 1187 1045 1221 dudum
1072 1188 1111 1221 de
1136 1187 1204 1231 epi-

459 1247 609 1285 scopatus
634 1241 696 1274 mei
721 1241 909 1285 primordiis
931 1241 1020 1282 misi,
1044 1251 1103 1274 nec
1128 1241 1204 1274 dum

461 1295 610 1328 traditam
625 1295 681 1328 tibi
695 1295 792 1328 fuisse
805 1306 878 1328 cum
892 1295 1068 1335 scriberes,
1089 1295 1129 1327 dc
1142 1305 1205 1338 qua

459 1350 571 1394 utique
584 1360 650 1384 non
663 1350 816 1391 siluisses,
838 1350 898 1383 nisi
915 1350 1111 1394 perlatorem
1122 1349 1132 1365 ³
1145 1349 1204 1382 ali-

460 1414 524 1447 qua
552 1415 648 1438 causa
670 1404 835 1438 tardasset.
858 1404 950 1437 Unde
970 1403 1058 1447 quod
1078 1408 1110 1436 et
1130 1413 1206 1436 eon-

460 1458 598 1491 suetudo
625 1458 794 1502 poscebat‚
815 1463 846 1491 et
870 1457 986 1491 caritas
1011 1457 1203 1501 iampridem

461 1522 512 1545 me
534 1517 703 1546 executum
729 1512 824 1545 fuisse
837 1511 996 1554 significo,
1013 1516 1044 1544 et
1055 1510 1118 1544 hoc
1129 1511 1205 1555 ipsis

460 1566 641 1599 litterarum
657 1565 904 1610 exemplaribus,
915 1576 997 1609 quae
1009 1565 1121 1606 direxi,
1138 1565 1205 1609 ple-

461 1620 533 1653 nius
552 1630 646 1653 nosse
666 1630 721 1653 vos
741 1619 848 1664 cupio,
876 1624 912 1652 ut
935 1619 1042 1653 officio
1062 1619 1204 1653 fraterno

462 1673 494 1706 in
518 1674 608 1706 nullo
636 1673 822 1716 intelligatis
849 1672 945 1706 fuisse
974 1683 1025 1706 nie
1046 1673 1201 1713 desidem,

462 1733 492 1760 et
518 1727 561 1760 ita
589 1727 727 1760 vicissim
756 1726 1000 1770 frequentandis
1019 1727 1205 1760 studeamus

461 1781 621 1825 alloquiis,
638 1786 674 1814 ut
685 1780 786 1814 vicem
804 1780 898 1814 nobis
918 1781 1099 1814 communis
1110 1792 1204 1825 prae-

461 1835 583 1868 sentiae
607 1834 770 1868 scribendi
793 1846 869 1868 cura
889 1840 1087 1878 compenset,
1108 1836 1205 1868 frater

461 1889 636 1923 carissime.
661 1889 918 1934 Affectusitaque
931 1889 976 1922 tui
997 1889 1133 1931 gratiam
1147 1900 1204 1933 pc-

461 1942 526 1976 rire
546 1953 610 1976 non
636 1953 748 1987 passus
768 1953 812 1983 es,
837 1943 924 1986 quod
945 1943 973 1975 ei
995 1943 1203 1976 sollicitudini

461 1995 618 2030 intentum
643 2002 670 2029 te
685 2007 752 2030 esse
765 2007 925 2037 cognosco
936 1996 956 2037 ⁴,
972 2001 1008 2029 ut
1020 1997 1204 2029 custodien-

462 2050 509 2082 dis
526 2055 736 2094 paternorum
759 2060 919 2082 canonum
942 2050 1061 2092 regulis
1075 2051 1204 2083 studere

462 2114 512 2136 mc
540 2103 660 2147 cupias.
691 2104 759 2142 Quo
789 2102 949 2136 desiderio
978 2103 1057 2135 nihil
1077 2103 1203 2146 concipi

460 2157 621 2190 salubrius
638 2162 743 2201 potest
763 2168 858 2200 quam
880 2156 958 2190 utin
973 2167 1036 2189 una
1050 2157 1200 2197 Ecclesia,

460 2210 511 2243 cui
530 2216 655 2254 oportet
683 2221 741 2243 nec
767 2211 912 2243 mamilae
933 2211 1055 2254 aliquid
1086 2210 1200 2247 inesse,

497 2319 504 2343 1
528 2318 563 2344 Ex
576 2317 657 2344 Mausi
675 2317 783 2345 Conm'l.
801 2318 914 2344 Collect.
932 2321 995 2344 tom.
1018 2324 1062 2351 vu,
1080 2317 1129 2344 ‹01‚
1141 2317 1201 2345 933.

494 2359 510 2384 2
526 2358 622 2388 Quidd.
645 2358 709 2384 edit.
732 2359 891 2392 auqmenti.

494 2399 509 2424 3
531 2399 569 2425 At.
591 2400 778 2432 perlatorum.
803 2398 880 2425 Forte
901 2399 990 2425 mend.
1008 2398 1166 2434 typograpli.

495 2439 510 2464 4
530 2450 541 2462 «ι
559 2439 652 2465 Barou.
666 2447 726 2464 cum
739 2447 803 2465 mss.
820 2439 949 2473 Acceptis
964 2439 1062 2473 ‘itaque
1078 2439 1122 2466 {ui
1135 2447 1203 2471 (lra-

460 2479 529 2506 eiam
546 2479 644 2513 perire
657 2487 715 2504 non
731 2487 831 2512 passus
847 2488 884 2507 es.
905 2482 930 2506 e!
945 2480 1020 2513 quod
1036 2479 1076 2504 eis
1095 2479 1203 2505 sollici-

460 2520 560 2546 liuline
577 2519 720 2546 intentum
743 2527 800 2545 esse
815 2527 948 2552 coquosco
964 2529 989 2545 ».
1012 2519 1117 2545 Contin.
1134 2520 1204 2545 Con-
1221 2523 1222 2549 J

459 2563 540 2585 stant.
563 2560 579 2586 l.
593 2568 615 2586 c..
635 2559 742 2585 ttecuus
756 2559 788 2585 ad
805 2563 921 2586 context.
942 2559 1023 2586 videt.
1040 2567 1066 2585 n.
1084 2559 1171 2585 lectio.

495 2601 511 2625 5
530 2611 541 2624 t<
558 2600 655 2626 Baron.
673 2603 699 2625 et
715 2600 774 2626 cod.
789 2599 1063 2633 Arelatssoepondco,
1087 2599 1128 2625 cui
1146 2607 1203 2625 mox

460 2641 635 2674 expandam„
661 2650 682 2666 υ,
701 2640 805 2665 (Σοιιῑίη.
826 2640 915 2665 Consi.

984 227 1112 250 APPEND!
1119 228 1135 250 X
1162 226 1313 251 BULLARII
1333 226 1453 251 ROMANI

2001 224 2050 251 An.
2066 223 2095 251 C.
2119 223 2170 251 ⁴62

1232 284 1290 308 nec
1303 285 1413 317 rugae,
1433 284 1497 308 una
1517 273 1558 307 sit
1577 273 1609 306 in
1627 273 1779 307 omnibus
1792 272 1973 307 observatio

1233 328 1430 372 disciplinae.
1454 326 1509 361 Cui
1529 326 1555 360 si
1576 326 1699 370 aliquid
1716 326 1907 360 eruditionis
1920 332 1975 360 aut

1233 381 1447 425 correptionis
1463 380 1647 414 addendum
1662 385 1718 421 est,
1731 379 1908 413 rectissime
1917 391 1975 424 per
2023 392 2053 412 ne
2068 391 2175 422 ecciesia-

1234 440 1369 468 vestram
1385 433 1584 476 diligentiam
1597 434 1798 473 consuletur,
1815 433 1840 467 si
1861 444 1975 477 quem—
1990 418 2175 471 ἷιῗζῗηιῑάῗιῗῖἷῖἷῖῃ

1233 489 1408 521 admodum
1432 498 1464 521 es
1491 487 1641 529 dignatus
1665 487 1818 528 scribere,
1842 493 1905 520 tam
1926 487 1975 520 in-

1234 547 1354 575 structa
1368 542 1407 575 ad
1421 552 1480 575 nos
1491 541 1736 585 sueritpersona
1746 541 1879 583 directa,
1894 552 1976 585 quae

1235 595 1475 639 inquisitionem
1498 600 1639 629 nostram
1661 596 1756 639 plene
1777 606 1812 628 ex
1827 595 1977 629 omnibus

1234 649 1335 693 possit
1362 649 1533 683 instruere.
1561 649 1713 693 Spondeo
1733 649 1744 665 ⁵
1764 649 1850 682 enim
1873 659 1977 693 quan-

1236 809 1443 843 concordiam
1469 809 1693 853 provisurum,
1717 815 1753 842 ut
1773 819 1885 843 omnes
1912 820 1978 843 non
1993 793 2068 812 mmm.

1235 874 1292 897 sua
1306 863 1445 897 audeant
1458 874 1625 907 quaerere,
1642 863 1698 896 sed
1712 874 1794 907 quae
1807 869 1880 896 sunt
1891 863 1979 897 Chri—

1236 918 1274 951 sti
1292 918 1443 951 studeant
1460 917 1618 951 obtinere.
1634 917 1716 951 Deus
1737 923 1767 951 te
1782 918 1977 951 ineolumem

1237 971 1406 1013 custodiat,
1430 971 1528 1005 frater
1548 971 1725 1005 carissime.

1281 1025 1348 1059 Dat.
1377 1035 1428 1058 an.
1452 1024 1527 1058 4602.

1459 1196 1643 1230 EPISTOLA
1679 1196 1717 1229 Ill
1734 1196 1755 1228 ⁶.

1238 1294 1365 1326 Leontii
1378 1293 1540 1326 sitentium
1549 1294 1761 1337 reclaryuens‚
1775 1293 1812 1326 cte
1822 1293 1979 1333 Hermete,

1284 1348 1340 1390 qni
1349 1347 1588 1381 Narbonensem
1602 1349 1817 1391 episcopatum
1826 1358 1982 1391 usurpare

1283 1402 1413 1442 nititur,
1432 1401 1677 1445 diliyentissime
1696 1402 1889 1435 sciscitatur.

1265 1491 1466 1520 Dilectissimo
1481 1492 1571 1519 fratri
1585 1492 1708 1520 Leontio
1723 1491 1842 1519 Hilarus
1859 1491 1948 1526 Papa.

1282 1563 1436 1597 Miramur
1462 1563 1692 1597 fraternitatem
1720 1570 1808 1597 tuam
1833 1563 1876 1596 ita
1900 1562 1980 1606 legis

1239 1616 1415 1650 catholicae
1436 1617 1661 1650 immemorem
1677 1628 1756 1658 esse,
1778 1622 1814 1650 ut
1832 1626 1979 1661 quaeque

1238 1670 1367 1715 iniqua7
1388 1676 1419 1704 et
1439 1676 1552 1705 contra
1572 1677 1701 1715 patrum
1719 1676 1905 1704 nostrorum
1919 1675 1981 1703 sta—

1238 1729 1317 1765 tuta,
1341 1724 1373 1757 in
1393 1725 1577 1768 provincia,
1599 1735 1681 1769 quae
1699 1725 1738 1758 ad
1758 1723 1979 1758 monarchiam

1239 1784 1325 1811 tuam
1351 1779 1491 1822 pertinet
1509 1779 1529 1819 Β,
1552 1779 1577 1812 si
1600 1778 1668 1822 ipse
1689 1784 1743 1812 aut
1763 1788 1827 1811 non
1847 1777 1904 1819 vis,
1927 1782 1982 1810 aut

1238 1842 1303 1865 nou
1324 1838 1426 1875 potes,
1451 1832 1546 1865 etiam
1567 1842 1625 1864 nec
1645 1842 1704 1865 nos
1723 1831 1841 1864 silentii
1862 1830 1907 1864 tui
1928 1836 1978 1863 ta-

1238 1886 1421 1919 citurnitate
1442 1885 1610 1929 permittas
1625 1885 1798 1927 corrigere.
1815 1884 1979 1928 Siquidem

1238 1940 1325 1983 quod
1350 1945 1381 1972 et
1401 1950 1532 1973 rumore
1544 1939 1765 1982 cognovimus,
1780 1945 1811 1972 et
1824 1943 1979 1982 quantum

1238 1992 1411 2035 diligenter
1431 2004 1448 2026 a
1469 1993 1605 2026 diacono
1626 1992 1757 2033 Ioanne,
1788 1991 1843 2036 qui
1869 2002 1887 2024 a
1906 2001 1977 2024 ma-

1238 2047 1356 2089 gnifico
1370 2048 1438 2080 viro
1453 2048 1519 2080 filio
1539 2053 1649 2080 nostro
1667 2045 1830 2080 Friderico
1843 2046 1854 2062 ⁹
1866 2044 1981 2078 litteris

1237 2101 1302 2134 suis
1316 2101 1408 2134 nobis
1423 2099 1443 2117 “¹
1458 2101 1638 2134 insinuatus
1658 2106 1718 2140 est,
1742 2099 1978 2143 requisivimus,

1238 2155 1324 2199 quod
1337 2154 1539 2199 iniquissima
1547 2154 1757 2198 usurpatione
1768 2153 1898 2197 quidam
1907 2153 1982 2185 Her-

1239 2219 1305 2242 mes
1313 2209 1535 2252 episcopatum
1547 2208 1680 2241 civitatis
1690 2206 1907 2241 Narbonensis
1916 2216 1983 2238 exe-

1993 1589 2115 1616 prehendit.

2024 1936 2077 1960 οιιὶι]
2093 1937 2119 1957 ιΙι·
2129 1936 2180 1957 Her-

1273 2317 1288 2343 G
1305 2317 1341 2343 Ex
1357 2316 1441 2343 Mansi
1458 2316 1567 2343 Concil.
1582 2316 1692 2343 Collect.
1711 2319 1774 2342 tom.
1793 2321 1839 2349 vu,
1853 2315 1903 2341 col,
1916 2313 1977 2340 933.

1274 2362 1287 2387 7
1304 2373 1315 2385 ι(
1331 2361 1431 2388 Arelat.
1453 2370 1515 2388 mss.
1534 2370 1594 2388 cum
1611 2360 1673 2395 l'eg.
1692 2364 1723 2387 ul
1738 2368 1810 2394 quoe
1832 2359 1936 2392 Iniqua
1955 2368 1979 2384 »-

1238 2406 1312 2432 Cont.
1331 2406 1467 2432 Constant.
1486 2406 1503 2433 1.
1521 2414 1544 2432 c.

1273 2451 1288 2478 8
1312 2461 1323 2474 «
1335 2450 1433 2477 Arelat.
1447 2450 1594 2485 pertinuit
1605 2460 1630 2473 »-
1647 2449 1752 2476 Contin.
1770 2449 1907 2476 Constant.
1926 2447 1980 2474 l.c.

1239 2494 1275 2521 Ad
1292 2503 1400 2522 sensum
1417 2494 1516 2529 inepte.

1273 2545 1288 2570 t)
1315 2555 1324 2569 «
1350 2544 1376 2571 ln
1399 2553 1462 2571 mss.
1482 2544 1640 2572 Fritherico
1664 2553 1685 2569 ι).
1714 2542 1819 2569 Contin.
1841 2542 1978 2568 Constant.

1239 2589 1288 2615 loc.
1312 2589 1357 2615 cit,

1279 2639 1307 2664 tt)
1325 2639 1389 2665 ltaro
1404 2649 1418 2664 v.
1436 2638 1506 2665 ‹luit-t
1520 2639 1607 2665 nobis.
1621 2637 1698 2664 Forte
1710 2636 1807 2663 mendo
1819 2635 1979 2671 typograpli.

2021 1562 2132 1583 Leontium
2147 1566 2179 1582 re·
2206 1572 2207 1575 =

2203 294 2223 343 s:

2199 406 2227 445 s

1995 1966 2051 1984 mole
2066 1963 2165 1984 audierit.

2198 436 2234 643 t

1236 709 1302 737 tum
1323 703 1427 745 gratia
1446 703 1501 737 Dei
1522 703 1634 744 donat,
1655 708 1691 736 ut
1710 703 1899 746 spondeam,
1915 702 1977 736 hoc
2023 710 2176 737 Episconorum
2204 692 2235 706 ’Δ

1236 767 1286 790 me
1316 757 1357 790 ad
1383 756 1598 790 universalem
1626 756 1830 790 sacerdotum
1850 755 1977 789 Domini
1993 737 2176 790 ssssffissiffinstii‘.
2215 750 2235 809 ζ
