2244 3183
309 233 356 258 Λιι.
378 232 404 258 ⁴1.
426 231 474 258 453

333 812 440 835 Univorzis
451 810 491 832 Ec-

307 841 378 861 clesiis
404 838 491 867 Chath-

308 866 405 889 tirunensis
422 869 492 885 conci-

307 895 328 914 lii
350 891 490 913 conttrmatio.

308 920 424 946 opitulante
455 918 491 937 iin-

309 949 416 973 permoto,
435 951 491 966 com—

309 973 442 994 mumonudu.

335 1560 387 1584 Quid
401 1560 492 1580 miinoris

308 1589 387 1608 lutrano
411 1589 438 1606 nit
457 1586 492 1606 de—

309 1614 438 1634 mandatum.

537 222 600 255 tte

507 280 642 319 dicarit;
659 278 737 311 mibi
753 284 858 310 tamen
874 288 930 321 per
944 284 1166 311 veneratorem
1180 288 1244 311 una

508 342 632 366 mecum
643 331 825 375 specialiter
834 337 985 371 vestrum,
997 331 1126 364 fratrem
1137 342 1242 364 meum

506 385 662 418 Iulianum
685 384 873 428 episcopum
896 384 1072 417 innotuisse
1083 383 1240 426 significo,
1259 394 1262 414 s

506 448 600 482 quam
622 438 676 482 pio
698 438 819 480 dignati
837 437 959 471 fueritis
977 448 1130 481 responso
1145 437 1245 481 impc-

507 491 641 524 ritorum
668 491 900 524 monachorum
930 490 1054 524 animos
1081 489 1127 524 et¹
1150 461 1262 526 colii-i

505 544 582 577 berc
610 544 730 588 pariter
761 550 789 577 ct
821 544 953 577 docere:
975 548 1021 581 ut,
1038 543 1061 577 si
1089 543 1160 576 illos
1179 528 1262 576 non¹

505 597 631 641 penitus
659 597 799 631 descruit
821 597 926 630 divina
958 596 1150 637 miserati02,
1171 571 1262 629 sen-i

506 651 603 685 tiant⁸
627 662 659 685 se
694 657 725 684 ct
751 651 899 685 didicisse
929 652 1014 695 quod
1048 651 1189 691 credant,
1215 655 1245 683 et.

505 705 670 748 agnovisse
688 706 774 749 quod
792 705 933 738 timeant.
951 705 1029 744 Quia
1047 715 1121 737 vero
1143 704 1245 738 omni-

506 759 565 791 bus
591 757 695 791 modis
724 758 941 791 obediendum
973 763 1017 790 est
1050 757 1174 801 pictatis
1195 767 1246 789 ve-

507 812 610 845 strno‘
631 811 891 854 religiosissimae
906 811 1072 851 voluntati,
1093 810 1245 844 constitu-

508 866 647 899 tionibus
666 865 883 910 synodalibus
912 876 993 909 quae
1018 865 1095 897 mibi
1114 866 1152 897 de
1170 875 1246 898 con-

508 919 690 952 firmatione
710 919 785 952 fidei
806 919 992 955 catholicae.
1014 924 1044 951 et
1064 919 1103 952 de
1126 918 1243 951 haere-

509 972 645 1005 ticorum
668 972 874 1006 damnatione
910 972 1112 1015 placuerunt,
1143 971 1246 1004 libens

508 1026 611 1059 adieci
624 1025 813 1059 sententiam
833 1035 955 1058 meam:
977 1035 1059 1069 quae
1079 1030 1115 1057 ut
1132 1024 1171 1057 ad
1189 1034 1246 1057 no-

509 1079 608 1112 titiam
632 1079 776 1112 omnium
797 1079 1002 1112 sacerdotum
1016 1077 1246 1111 Ecclesiarum-

507 1143 569 1176 que
594 1133 768 1176 perveniat,
789 1138 911 1165 vestrae
933 1131 1121 1165 clementiae
1146 1141 1242 1174 prae-

509 1186 614 1230 ceptio
651 1186 802 1219 ordinare
828 1185 1022 1227 dignabitur.
1056 1185 1244 1217 Adsuturam

508 1239 606 1272 credo
637 1245 667 1272 et
703 1249 796 1282 spero
817 1238 951 1281 gratiam
981 1238 1048 1278 Dei⁷
1074 1248 1155 1282 quae
1181 1243 1244 1270 tam

507 1298 649 1326 sanctam
672 1292 747 1325 tanti
769 1291 925 1335 Principis
946 1302 1067 1333 curam,
1092 1292 1243 1335 plenissi-

508 1357 595 1380 mum
622 1346 772 1379 desiderii
796 1345 864 1379 sui⁵
881 1346 1018 1378 fructum
1050 1345 1143 1378 faciat
1163 1345 1246 1378 obti-

508 1410 595 1439 nere,
618 1405 653 1432 ut
673 1399 822 1432 omnibus
840 1399 1047 1432 dissentiendi
1072 1398 1248 1432 occasioni-

507 1453 566 1486 bus
591 1453 785 1497 amputatis,
816 1452 1011 1496 apostolicae
1042 1452 1163 1496 ubique
1191 1452 1247 1485 do-

508 1507 628 1540 ctrinae
643 1518 702 1550 pax
715 1512 866 1549 regnetet
883 1507 1008 1540 veritas.
1023 1506 1124 1539 Fratri
1139 1512 1245 1539 autem

509 1571 580 1594 meo
612 1561 735 1594 Iuliano
772 1560 923 1604 episcopo
943 1560 953 1575 ⁵
980 1560 1105 1593 noverit
1143 1564 1246 1592 vestra

508 1614 678 1648 clementia
698 1614 760 1647 hoc
781 1624 831 1647 me
851 1613 984 1657 proprie
1012 1613 1186 1655 delegasse,
1214 1618 1248 1645 ut

508 1667 662 1711 quicquid
681 1667 744 1700 illic
771 1667 810 1699 ad
839 1667 1017 1699 custodiam
1050 1666 1123 1699 fidei
1143 1666 1244 1710 perti-

508 1730 584 1754 nere
605 1720 800 1763 probaverit,
818 1730 890 1753 meo
908 1719 1039 1752 nomine
1061 1725 1183 1752 vestrae
1203 1719 1245 1751 fi-

508 1773 676 1807 ducialiter
692 1778 842 1816 suggerat
861 1772 988 1816 pietati:
1011 1772 1164 1816 quoniam
1180 1783 1248 1805 cer·

509 1833 557 1860 tus
577 1837 659 1867 sum,
679 1837 734 1860 vos
749 1827 881 1860 adhaec
895 1827 1004 1860 omnia
1025 1827 1227 1860 emendanda
1239 1827 1248 1843 ⁷

508 1881 555 1914 vel
567 1881 778 1921 defendenda,
794 1881 859 1914 Deo
870 1880 1040 1913 auxiliante
1050 1880 1070 1920 Β,
1087 1880 1244 1913 sufficere.

551 1934 619 1968 Dat.
636 1933 829 1967 duodecimo
847 1933 999 1967 kalendas
1011 1933 1153 1976 Aprilis⁹‚
1171 1931 1249 1976 Opi-

509 1987 595 2020 lione
612 1987 680 2021 viro
698 1987 876 2020 clarissimo
894 1987 1035 2020 consule.

544 2050 605 2078 Dat.
626 2050 668 2077 die
683 2050 713 2077 21
729 2049 825 2085 Martii,
842 2058 885 2077 an.
903 2050 964 2078 453.

545 2150 555 2175 1
575 2147 692 2175 Caeciar.
708 2156 769 2183 pag.
785 2147 837 2175 353
853 2156 912 2174 cum
929 2147 962 2174 al.
980 2147 1067 2173 omitt.
1084 2150 1133 2179 el„

543 2193 560 2219 2
577 2202 588 2218 a
605 2193 648 2220 At.
666 2193 903 2220 misericordia».
919 2192 1048 2219 Ballerin.
1065 2191 1116 2219 col.
1135 2191 1211 2219 1204.

545 2236 560 2263 3
580 2248 592 2261 κ
607 2238 650 2264 At.
667 2237 760 2265 sm'cint
774 2247 800 2264 ».
822 2237 950 2263 Ballerin.
970 2237 988 2263 1.
1000 2244 1024 2263 c.

545 2282 560 2309 4
579 2293 591 2306 «
605 2282 648 2308 ΛΙ.
671 2283 774 2317 pietali
796 2285 921 2315 vest-rae,
941 2285 967 2308 et
986 2292 1012 2308 ».
1029 2281 1157 2309 Ballerin.
1181 2282 1198 2308 1.
1225 2290 1248 2308 c.

511 2322 666 2359 Perperam,
683 2326 712 2349 ut
727 2322 831 2358 opinor.

545 2365 561 2391 5
575 2363 692 2390 Caeciar.
713 2363 731 2390 l.
748 2372 771 2389 c.
789 2362 860 2390 delet
873 2363 929 2390 sui.
946 2362 1027 2394 Male,
1043 2365 1072 2389 ut
1086 2361 1201 2389 videtur.

545 2407 561 2433 6
579 2419 591 2431 «
606 2407 669 2434 Cod.
688 2407 788 2442 Ratisp.
805 2406 877 2433 delet
892 2407 1055 2442 episcopo».
1073 2406 1170 2433 Baller.
1188 2406 1204 2433 l.
1225 2414 1248 2432 c.

547 2452 560 2478 7
581 2462 593 2475 ι(
608 2451 735 2478 Nonnulli
751 2451 828 2478 codd.
846 2451 1034 2478 emundanda
1045 2449 1173 2477 Ballerin.
1190 2450 1208 2476 1.
1225 2458 1248 2477 c.

546 2496 562 2523 8
589 2505 601 2519 «
625 2494 689 2522 cod.
713 2495 813 2530 Ratisp.
836 2495 923 2521 omitt.
949 2495 1008 2521 Deo
1032 2495 1198 2522 auaeilianle
1222 2505 1249 2520 ».

511 2539 638 2567 Ballerin.
655 2540 672 2566 l.
689 2547 712 2566 c.

546 2585 561 2611 9
581 2595 593 2608 «ι
609 2583 664 2610 Duo
679 2584 750 2610 Van.
767 2591 825 2610 cum
838 2592 889 2611 uno
907 2583 1017 2610 Tauriu.
1035 2583 1116 2611 XVII
1135 2582 1249 2610 kalend.

512 2629 624 2664 Aprilis
641 2638 663 2655 ›>.
681 2628 797 2656 Cucciar.
810 2628 827 2655 l.
839 2627 938 2655 matre
954 2636 998 2664 op.
1016 2636 1040 2655 c.
1057 2628 1133 2655 nobis
1148 2630 1247 2655 assent.

1034 230 1183 254 APPEme
1208 229 1358 254 BULLARH
1378 229 1499 254 nomm

1459 276 1642 311 EPISTOLA
1668 276 1770 310 LXXV
1787 276 1818 308 ¹⁰.

1281 383 1350 414 piis
1373 383 1566 416 Pulcheriae
1578 382 1698 415 studiis
1713 381 1867 422 laudatis,
1885 381 1923 414 de
1935 392 2017 415 com-

1319 451 1430 484 pressa
1452 440 1680 472 monachorum
1694 439 1851 472 seditione
1869 439 2018 481 ,qr-atula-

1323 503 1384 538 ίαν,
1407 509 1542 541 eamque
1559 502 1664 530 monet
1686 498 1755 530 PP.
1782 497 2017 531 Chalcedonen-

1322 557 1409 589 sibus
1427 567 1459 589 se
1492 557 1616 589 litteras
1639 556 1772 593 misisse,
1796 555 1915 599 quibus
1938 566 2014 589 con—

1321 616 1433 648 cilium
1447 615 1528 657 confi
1532 626 1578 647 rm
1584 619 1664 647 aret:
1672 619 1739 647 tum
1750 614 1901 648 Anatolii
1907 613 2017 647 dolum

1323 673 1485 715 abiurant,
1509 677 1537 705 et
1560 673 1731 705 lulianum
1753 673 1897 715 quatum
1921 681 2018 705 suum

1322 731 1490 773 Auqustae
1509 730 1720 764 commendat.

1349 830 1405 857 Leo
1422 831 1578 865 episcopus
1594 830 1770 858 Pulcheriae
1785 830 1946 873 Augustae.

1330 920 1400 954 CAP.
1426 921 1447 953 1.
1472 919 1621 958 Quamvis
1650 919 1754 952 nullas
1789 929 1875 952 nunc
1897 917 2018 951 litteras

1281 979 1351 1007 tuae
1371 973 1497 1017 pietatis
1517 973 1708 1017 acceperim,
1732 972 1892 1006 scribente
1913 977 2019 1006 tamen

1279 1027 1510 1070 gloriosissimo
1531 1026 1690 1070 Principe,
1707 1036 1771 1059 non
1790 1025 1882 1059 aliter
1907 1025 2019 1068 digna-

1280 1080 1366 1113 tione
1387 1080 1486 1124 ipsius
1512 1090 1582 1113 sum
1604 1079 1740 1122 gavisus,
1764 1089 1860 1123 quam
1882 1078 1906 1111 si
1939 1078 2018 1111 mihi

1280 1133 1375 1166 etiam
1404 1139 1477 1166 tuae
1496 1133 1678 1166 serenitatis
1699 1133 1910 1166 redderentur
1933 1131 2015 1164 allo-

1280 1186 1364 1230 quia.
1397 1187 1486 1219 Unde
1516 1186 1780 1219 consuetudinem
1807 1185 1905 1218 debiti
1925 1195 1944 1218 a
1967 1195 2019 1218 me

1279 1240 1375 1272 officii
1396 1239 1537 1283 oportuit
1555 1238 1747 1280 custodiri¹¹‚
1766 1249 1829 1282 qua
1849 1249 1900 1271 me
1920 1237 2019 1280 signi-

1280 1293 1410 1326 ficarem
1439 1292 1628 1325 clementiae
1659 1298 1782 1325 vestrae
1809 1291 1910 1324 salute
1941 1301 2019 1334 gau-

1281 1347 1356 1379 dere
1367 1345 1399 1386 ¹²,
1422 1351 1453 1379 et
1473 1346 1715 1379 incessabilibus
1746 1356 1764 1378 a
1784 1346 1848 1379 Deo
1873 1345 2020 1388 precibus

1280 1400 1457 1444 postulare,
1477 1405 1511 1432 ut
1529 1410 1594 1440 VOS,
1616 1405 1647 1432 et
1664 1399 1828 1432 Romanae
1849 1398 2017 1442 Reipubli-

1281 1464 1347 1493 cae,
1364 1458 1395 1486 et
1413 1452 1589 1486 catholicae
1609 1451 1767 1485 Ecclesiae
1781 1451 1813 1484 in
1838 1452 1926 1484 omni
1943 1461 2020 1495 pro-

1281 1506 1431 1578 speritpte
1463 1504 1671 1539 conservetffi.
1698 1505 1741 1538 De
1766 1504 1876 1547 vigore
1913 1510 2019 1538 autem

1281 1561 1354 1594 fidei
1374 1566 1508 1599 restrae,
1529 1571 1591 1604 qua
1606 1559 1624 1576 ¹⁴
1646 1559 1865 1593 indesinenter
1883 1558 2020 1593 Domino

1281 1614 1476 1647 sacrificium
1510 1613 1612 1647 laudis
1633 1613 1763 1653 offertis,
1791 1618 1927 1656 quantas
1955 1612 2020 1646 Deo

1281 1667 1398 1709 gratias
1423 1677 1527 1709 agam,
1544 1677 1694 1700 enarrare
1715 1676 1779 1699 non
1804 1666 1912 1699 valeo:
1940 1675 2022 1710 quo-

1281 1721 1366 1753 niam
1392 1721 1596 1764 Principibus
1632 1720 1786 1764 temporis
1823 1719 1924 1753 nostri
1957 1729 2023 1752 non

1282 1775 1386 1808 sotum
1411 1774 1587 1818 potentiam
1614 1774 1747 1815 regiam,
1770 1774 1826 1807 sed
1847 1773 1942 1806 etiam
1967 1783 2020 1806 sa-

1282 1828 1477 1861 cerdotalem
1514 1827 1737 1870 cognoscimus
1771 1827 1872 1860 inesse
1897 1826 2020 1860 doctri-

1282 1893 1367 1915 nam.
1390 1881 1555 1915 indicante
1579 1881 1664 1914 enim
1686 1881 1783 1913 fratre
1807 1890 1880 1913 meo
1900 1880 2022 1913 Iuliano

1283 1935 1445 1978 episcopo,
1473 1939 1690 1978 pervenerunt
1713 1934 1753 1966 ad
1778 1943 1837 1967 nos
1857 1933 1889 1966 in
1909 1943 2018 1966 exem-

1282 1987 1426 2031 plaribus
1457 1987 1722 2031 praeceptionum
1758 1992 1934 2020 vestrarum
1965 1996 2018 2019 sa-

1284 2040 1477 2073 luberrimae
1508 2040 1706 2080 sanctiones,
1736 2039 1852 2082 quibus
1877 2039 2020 2072 insanam

1320 2147 1352 2174 10
1364 2146 1399 2173 Ex
1409 2146 1472 2173 edit.
1483 2146 1582 2173 Baller.
1596 2146 1665 2181 Opp.
1678 2146 1708 2173 S.
1720 2146 1819 2173 Leonis
1828 2149 1847 2172 t.
1858 2153 1877 2179 1,
1886 2145 2022 2173 c01.¹205.

1320 2193 1348 2218 tt
1368 2191 1485 2218 Caeciar.
1505 2192 1575 2226 Opp.
1595 2191 1625 2218 S.
1638 2191 1740 2218 Leonis
1755 2194 1824 2227 part.
1845 2197 1874 2223 u,
1894 2198 1954 2226 pag.
1970 2190 2023 2218 354

1284 2237 1520 2264 consuetudinem
1540 2245 1585 2263 me
1604 2236 1731 2262 debitam
1745 2244 1807 2262 ‘meo
1829 2235 1922 2270 officio
1941 2242 2022 2270 opor-

1284 2281 1338 2308 tuit
1353 2281 1495 2308 custodire
1514 2290 1520 2313 ;
1537 2284 1617 2306 «ant.
1635 2279 1700 2306 edit.
1721 2279 1954 2307 consuetudinem
1976 2279 2023 2306 de—

1285 2325 1372 2352 binam
1386 2325 1441 2352 mei
1455 2325 1545 2360 officii
1559 2324 1687 2359 oportuit
1701 2332 1746 2350 me
1765 2323 1907 2351 custodire
1923 2332 1948 2349 n.
1960 2322 2019 2350 Bat-

1283 2369 1362 2397 lerin.
1379 2370 1431 2397 cot.
1450 2369 1527 2397 1206.
1544 2370 1624 2397 Forte
1639 2369 1702 2396 mel.
1719 2377 1746 2395 n.
1763 2369 1781 2395 1.

1321 2414 1352 2440 ¹12
1368 2413 1487 2441 Cacciar.
1505 2414 1522 2440 l.
1539 2422 1562 2440 c.
1580 2422 1641 2440 eum
1657 2413 1691 2440 al.
1705 2420 1758 2448 per
1772 2421 1860 2448 quam
1875 2412 2024 2447 siqnifica-

1284 2466 1343 2484 rem
1366 2458 1535 2486 clementiae
1550 2461 1672 2492 vestrae,
1689 2457 1814 2485 absolute
1828 2465 1873 2484 me
1887 2457 2023 2492 gaudere.

1284 2502 1375 2530 Melius
1390 2503 1472 2530 videt.
1490 2512 1516 2530 n.
1538 2503 1629 2530 lectio.

1320 2547 1352 2573 13
1367 2546 1514 2574 Cacciar.1.
1527 2555 1550 2574 c.
1567 2546 1650 2574 addit.
1663 2545 2022 2581 yteriosissimaAuyusta.

1319 2587 1352 2613 14
1368 2587 1484 2614 Caeciar.
1502 2587 1518 2614 l.
1537 2596 1561 2614 c.
1580 2595 1640 2614 cum
1662 2587 1696 2614 al.
1713 2595 1778 2621 quo.
1795 2585 1833 2612 Ad
1855 2593 1926 2613 sens.
1949 2586 1968 2612 f.
1984 2593 2026 2613 re-

1285 2627 1362 2654 etius.

2051 227 2100 253 An.
2117 227 2146 255 G.
2161 203 2238 258 453μΔ

2092 926 2216 951 Pnlohnrtao

2032 952 2139 974 nitentium
2148 955 2215 976 notata

2061 1244 2127 1266 Suum
2135 1249 2184 1270 erga
2195 1243 2208 1265 n
2217 1252 2220 1258 v

2035 1271 2074 1292 tam
2087 1271 2190 1298 obsequia
2216 1289 2218 1292 .

2068 1560 2119 1582 Eius
2135 1560 2215 1589 rottfftor

2034 1592 2195 1635 tstttt.“²¹⁰⁰¹’⁹

2071 1931 2175 1954 Monaoho
2192 1939 2210 1963 ¹¹¹.
2232 1923 2241 1962 ς’

2036 1964 2158 2007 ιοίἷπῗιρτοιςι
2166 1963 2197 1979 ιο
2213 1965 2235 1993 Ι,
