2244 3183
259 206 308 233 An.
330 206 359 233 C.
377 207 427 235 450

275 432 288 451 Α
301 430 396 450 λοειογίο
407 430 443 449 hn-

260 463 320 477 minis
336 463 379 477 sine
396 457 445 476 Dei-

261 486 304 504 tate
313 486 431 510 concepti-j,

278 750 399 770 Cathuticao
407 749 444 769 hv·

261 778 339 797 clesiaa
350 776 445 797 doctrina

301 1282 396 1302 Pontifex
413 1282 448 1302 Ul]-

262 1311 344 1330 serrat.
356 1312 377 1328 nt
389 1315 408 1329 ln
424 1315 449 1328 ea

262 1335 450 1361 Constantinopoli-

263 1362 304 1381 tani
330 1362 446 1383 firmissime

262 1391 406 1414 perseverent,

295 1603 317 1623 Et
329 1608 341 1623 a
350 1602 446 1623 Theodo-

262 1635 294 1650 sio
329 1630 446 1650 universale

263 1657 373 1677 concilium
384 1662 447 1683 expo-

263 1685 333 1708 §canu

491 199 532 232 (52

462 257 499 290 de
518 257 619 290 Verbo
638 257 669 289 in
688 268 816 291 carnem
842 268 995 292 converso
1019 265 1114 302 atque
1132 270 1199 293 mu-

461 316 536 351 tato3
562 322 643 354 quac
668 311 726 344 tria
760 312 836 344 salsa
862 318 890 345 et
911 323 988 345 vana
1013 312 1197 356 Apollinari-

460 370 578 397 starum
606 364 837 397 haereticorum
861 371 922 398 tres
947 371 1051 409 partes
1070 366 1171 399 varias
1192 368 1199 383 ¹

460 417 672 460 protulerunt..
703 417 765 451 Nec
794 417 953 459 dicimus,
989 419 1074 462 quod
1107 420 1199 454 beata

460 470 547 513 virgo
572 470 668 503 Maria
694 471 856 504 hominem
882 471 950 505 sine
975 472 1094 505 Deitate
1117 483 1196 506 con-

461 525 596 567 ceperit,
624 524 677 567 qui
712 531 837 558 creatus
859 536 874 557 a
908 525 1028 568 Spiritu
1058 526 1196 568 Sancto,

461 583 570 621 postea
595 577 635 610 sit
660 583 827 622 susceptus
845 589 861 610 a
886 578 1001 619 Verbo,
1025 579 1111 622 quod
1142 580 1199 613 Ne·

461 631 594 664 storium
631 631 869 675 praedicantem
910 632 1025 665 merito
1057 633 1201 676 iusteque

460 684 699 722 damnarimus2
726 685 779 717 scd
799 685 933 718 dicimus
959 686 1119 718 Christum
1145 687 1199 719 Ilei

462 737 589 779 Filium,
608 739 707 772 Deum
727 750 847 779 verum,
866 744 976 772 natum
995 740 1032 773 de
1056 741 1120 773 Deo
1145 741 1200 773 Pa-

462 795 505 823 tre
530 791 597 825 sine
628 792 691 824 ullo
716 792 808 825 initio
835 793 1004 836 temporis,
1031 793 1197 826 cumdem-

461 855 522 886 que
548 844 714 877 hominem
744 856 850 878 verum
868 874 875 886 ‚
903 851 1012 879 natum
1039 847 1076 879 de
1102 852 1200 880 matre

462 898 602 938 homine,
622 904 705 932 certa
730 899 928 942 plenitudine
947 899 1120 944 temporis·‚
1142 910 1200 933 nec

461 951 529 984 eius
553 952 796 992 humanitatem,
815 964 876 996 qua
903 954 1003 986 maior
1019 960 1063 987 cst
1089 955 1196 993 Pater,

462 1005 604 1038 minuere
633 1005 751 1048 aliquid
771 1007 839 1039 cius
854 1006 865 1022 ²
882 1011 1032 1046 naturae,
1061 1017 1121 1049 qua
1144 1018 1197 1039 ae—

461 1058 564 1101 qualis
589 1064 631 1091 rst
671 1059 764 1092 Patri.
804 1060 869 1092 lloc
898 1065 1002 1092 :uitem
1031 1065 1201 1103 utrumqne

462 1123 545 1144 unus
569 1118 615 1145 est
640 1112 783 1146 Christus
804 1140 810 1152 ‚
837 1113 890 1156 qui
919 1113 1076 1145 verissime
1108 1113 1198 1153 dixit,

464 1171 491 1198 ct
514 1165 689 1198 secundum
715 1166 825 1199 Deum:
852 1167 918 1209 Eyo
933 1170 960 1199 et
980 1167 1080 1199 Pater
1097 1176 1201 1198 unum

463 1229 576 1251 sumtus
600 1219 621 1250 ³:
642 1225 672 1251 et
697 1220 874 1252 secundum
899 1219 1084 1252 hominem:
1109 1218 1202 1251 l'ater

464 1273 569 1304 maior
594 1283 643 1304 me
668 1277 711 1305 est
731 1272 750 1304 ⁴.
778 1273 866 1306 Hanc
893 1273 1007 1313 fidem,
1035 1272 1202 1306 dilectissi-

466 1326 520 1366 mi,
541 1336 643 1358 reram
665 1332 694 1358 et
722 1326 998 1366 indissolubilem,
1029 1337 1110 1369 quae
1136 1326 1202 1358 sola

464 1389 554 1412 veros
574 1378 669 1412 efficit
689 1378 889 1419 christianos,
908 1390 1081 1422 quamque,
1104 1384 1137 1412 ut
1155 1379 1198 1412 in-

465 1432 634 1475 telligimus
669 1438 699 1465 et
723 1432 920 1476 probamus,
953 1432 1005 1476 pio
1034 1432 1142 1466 studio
1171 1438 1202 1465 et

462 1486 613 1520 laudabili
640 1497 748 1520 amore
768 1486 947 1527 defenditis,
968 1492 1203 1530 perseveranter

463 1545 586 1580 tenete,
611 1545 640 1572 ct
664 1545 848 1573 constanter
876 1539 1015 1572 asserite.
1054 1540 1090 1572 Et
1123 1550 1202 1582 quo-

462 1593 547 1626 niam
573 1599 698 1637 oportet
726 1603 780 1626 vos
804 1593 813 1608 ⁵
842 1598 912 1636 post
940 1592 1082 1626 divinum
1116 1593 1202 1625 auxi-

462 1646 539 1679 lium
557 1646 650 1680 etiam
670 1647 900 1680 catholicorum
923 1647 1106 1690 principum
1133 1657 1203 1690 gra-

462 1700 539 1733 tiam
559 1700 755 1743 promereri,
787 1700 950 1733 humiliter
981 1711 1016 1733 ac
1046 1699 1204 1743 sapienter

462 1753 630 1797 exposcite,
658 1760 693 1786 ut
718 1753 864 1797 petitioni
893 1759 1031 1793 nostrae,
1059 1763 1121 1796 qua
1138 1754 1204 1796 ple-

462 1806 585 1840 nariam
614 1806 713 1840 indici
744 1806 901 1850 synodum
934 1805 1164 1850 postulavimus
1179 1806 1202 1846 ⁶,

463 1859 912 1903 clementissimusimperator
921 1859 1071 1902 dignetur
1084 1869 1205 1892 annue-

463 1924 515 1948 re:
536 1924 597 1957 qua
621 1914 630 1929 ⁷
655 1914 759 1953 citius,
787 1913 957 1946 adiuvante
982 1912 1203 1946 misericordia

501 2040 509 2066 1
537 2050 548 2063 «
565 2039 605 2065 Al.
622 2039 702 2066 varie
718 2048 743 2064 ».
762 2037 887 2064 Ballerin.
904 2038 923 2064 l.
936 2046 958 2064 e.

499 2093 514 2119 2
531 2103 542 2116 «
560 2092 629 2127 Aliq.
645 2091 704 2118 cod.
720 2091 781 2118 ei».
799 2090 924 2118 Ballerin.
943 2090 960 2117 l.
977 2099 999 2117 c⁴

500 2146 567 2173 310.
586 2155 613 2179 x,
630 2145 674 2173 30.

501 2200 516 2225 A
533 2199 569 2226 Ιο.
587 2206 642 2230 xw,
658 2198 703 2225 28.

500 2250 516 2277 5
533 2258 544 2274 α
562 2249 601 2275 ΑΙ.
618 2256 667 2274 nos
684 2257 708 2274 n.
724 2246 851 2274 Balterin.
869 2246 919 2273 eol.
936 2246 997 2272 981.

500 2299 516 2326 6
535 2308 547 2322 «
570 2297 610 2324 ΑΙ.
630 2297 812 2332 postulamus
830 2305 853 2322 ».
879 2295 1007 2322 Ballerin.
1038 2298 1065 2322 et
1086 2294 1205 2322 Caeciar.

465 2342 494 2369 ll.
513 2351 551 2369 cc.

501 2392 514 2418 7
534 2402 546 2416 «
561 2391 602 2418 At.
620 2399 674 2426 quo
688 2400 711 2417 ›).
734 2389 859 2417 Ballerin.
880 2389 897 2416 l.
915 2398 937 2416 c.
956 2390 1037 2416 Forte
1057 2389 1121 2416 mel.
1138 2397 1165 2415 n.
1187 2389 1205 2415 l.

501 2441 517 2468 8
537 2440 655 2467 Cacciar.
680 2448 739 2475 pag.
756 2439 807 2466 197
820 2438 901 2466 addit:
924 2439 1002 2466 Data
1021 2439 1119 2466 idibus
1135 2441 1208 2464 octo-

467 2485 548 2519 bris,
578 2484 690 2512 Ascerio
719 2486 744 2511 el
761 2485 917 2517 Protoyene
945 2483 1018 2511 virt's
1039 2483 1208 2510 clarissimis

465 2530 572 2557 consul.
594 2529 626 2555 At
642 2529 766 2556 Ballerin.
784 2529 802 2555 l.
815 2537 837 2554 c.
856 2528 999 2554 advertunt
1015 2528 1084 2554 hanc
1105 2530 1208 2563 tempo-

467 2574 504 2601 ris
519 2577 610 2601 notam
625 2573 738 2600 inveniri
757 2573 864 2609 quidem
880 2573 906 2599 in
922 2572 985 2608 aliq.
1001 2572 1148 2605 codicibus,
1160 2571 1207 2598 sed

467 2618 493 2648 in
514 2617 712 2654 antiquioribus
740 2617 907 2652 desiderari,
928 2620 955 2644 et
975 2616 1066 2652 reipsa
1084 2624 1134 2644 ceu
1159 2624 1207 2651 ge-

984 211 1142 235 APPENDlx
1159 210 1310 236 BULLARll
1331 211 1451 236 nomam

2002 210 2052 237 An.
2073 210 2102 238 C.
2117 210 2169 238 450

1233 260 1298 301 Dei,
1326 266 1355 294 et
1380 260 1462 293 sanis
1481 260 1635 293 fortitudo
1656 266 1821 303 augeatur,
1841 264 1870 292 et
1886 270 1968 293 mor·
2011 271 2120 298 Siquidem
2135 277 2167 292 sa.
2216 268 2219 271 '

1233 314 1337 355 hidis,
1366 314 1390 347 si
1423 313 1526 346 curari
1558 313 1781 356 acquiescant,
1813 313 1969 347 medicina
1984 298 2168 350 {iilffifss’grffssssgl

1233 372 1411 410 {JI'UOSICUH'
1432 367 1441 381 κ
1985 352 2016 372 lus
2027 351 2142 373 reddenda.

1269 419 1325 446 Dat.
1348 428 1391 446 an.
1408 420 1470 451 450,
1488 427 1580 445 mense
1601 419 1714 445 incerte.

1416 563 1601 596 EPtSTOLA
1626 562 1743 595 xxxvt
1765 562 1785 594 ⁹.

1234 635 1431 667 Pulcheriuc
1459 634 1577 667 litteris
1599 633 1785 677 plurimum
1813 637 1972 666 recreatus

1278 679 1504 721 Ezcljscltz‘cmae
1521 679 1661 711 haeresis
1684 678 1880 720 pravitatem
1900 688 1973 720 ape-

1278 724 1333 763 rit,
1351 734 1386 755 (tc
1399 723 1584 755 mum—sale
1598 722 1773 754 concilium
1794 722 1973 755 instantius

1279 768 1428 811 reposcit.

1283 838 1339 865 Leo
1359 837 1557 872 episcopus10
1578 836 1754 865 Pulcheriae
1774 837 1936 872 Augustae.

1278 901 1422 934 Gaudere
1448 911 1497 933 me
1516 899 1691 944 plurifflum
1717 906 1747 933 et
1771 899 1910 933 exultare
1940 898 1972 933 in
2001 909 2170 940 Pulcheriqpin-

1234 954 1369 988 Domino
1388 954 1591 998 pietatistuae
1607 954 1722 998 scripta
1732 955 1886 993 fecerunt,
1905 953 1972 997 qui·
1987 937 2089 957 mmmm
2099 935 2157 957 πεδ’

1234 1008 1292 1041 bus
1306 1008 1466 1042 evidenter
1486 1007 1665 1041 ostenditur
1688 1013 1843 1050 quantum
1865 1007 1973 1040 catho-

1235 1061 1327 1094 licam
1359 1060 1471 1103 diligas
1496 1060 1604 1100 fidem,
1631 1066 1661 1094 et
1684 1065 1839 1104 quantum
1857 1059 1969 1092 haere—

1235 1115 1331 1148 ticum
1354 1116 1518 1148 detesteris
1535 1125 1686 1148 errorem.
1700 1114 1844 1147 llaeresis
1856 1113 1973 1158 quippe

1234 1173 1281 1200 cst
1305 1167 1399 1201 nimis
1423 1167 1532 1212 impia,
1558 1174 1588 1201 et
1606 1168 1775 1211 Evangelio
1793 1166 1812 1183 ¹¹
1833 1166 1973 1200 veritatis

1235 1220 1384 1259 inimica,
1419 1232 1499 1264 quae
1530 1232 1594 1254 non
1627 1221 1806 1264 portionem
1834 1221 1973 1264 aliquam
1988 1228 2153 1254 tassinrularis·

1236 1274 1380 1315 laedere,
1412 1275 1466 1308 sed
1490 1275 1559 1318 ipsa
1591 1275 1782 1308 christianae
1812 1274 1975 1318 religionis

1236 1333 1370 1361 conatur
1398 1328 1606 1361 fundamenta
1638 1328 1834 1368 convellere,
1851 1337 1973 1370 negans

1236 1380 1424 1425 sempiterni
1460 1380 1562 1414 Patris
1593 1380 1707 1414 Filium
1743 1380 1974 1424 sempiternum

1237 1435 1276 1468 de
1308 1440 1400 1468 utero
1430 1434 1541 1468 beatae
1572 1433 1709 1477 Virginis
1737 1433 1846 1467 matris
1870 1444 1976 1468 veram

1236 1499 1363 1523 carnem
1378 1494 1505 1522 nostrae
1519 1488 1690 1532 sumpsisse
1707 1491 1852 1527 naturae,
1871 1493 1902 1521 et
1922 1498 1976 1521 eos

1237 1542 1440 1575 danmatione
1477 1541 1679 1584 percellens,
1715 1539 1769 1583 qui
1806 1540 1845 1572 ab
1876 1550 1973 1573 evan-

1237 1595 1335 1636 gelica
1373 1600 1403 1627 et.
1436 1593 1610 1637 apostolica
1640 1593 1702 1626 fide
1737 1593 1825 1626 nullo
1862 1593 1975 1626 deduci

1237 1659 1344 1682 errore
1361 1653 1544 1692 potuerunt,
1570 1647 1714 1691 illudque
1741 1647 1859 1680 frustra
1878 1657 1972 1690 prae·
2016 1653 2075 1674 ¹1:⁴⁰0
2091 1653 2127 1680 qui
2144 1655 2175 1674 2⁶-

1238 1702 1373 1735 tendens
1398 1700 1430 1743 ¹²,
1459 1701 1545 1744 quod
1571 1701 1725 1735 Nicaenae
1742 1700 1855 1745 synodi
1879 1700 1974 1734 fidem
1989 1679 2175 1732 {Jssngsgss's‘j'noffiss

1418 1755 1423 1760 ,
1852 1754 1858 1760 ‚
1990 1732 2108 1754 adhaerere
2114 1734 2174 1754 autu-

1238 1761 1354 1795 teueat,
1374 1766 1465 1788 cuius
1490 1766 1563 1789 eum
1588 1765 1655 1788 esse
1679 1760 1803 1788 constat
1819 1755 1973 1794 alienum,
1990 1761 2039 1780 mat-

1237 1808 1464 1853 gloriosissima
1478 1809 1628 1852 Augusta.
1652 1808 1741 1841 Unde
1755 1808 1830 1851 quia
1846 1817 1911 1841 non
1926 1808 1976 1841 de-

1238 1863 1315 1897 serit.
1339 1863 1512 1895 Ecclesiam
1538 1872 1627 1895 suam
1656 1862 1759 1895 divina
1791 1861 1947 1906 protectio
1966 1889 1973 1902 ,
1990 1864 2176 1913 Eg‘ssffissffiffiss

1238 1917 1361 1950 dicente
1375 1915 1511 1950 Domino
1525 1927 1531 1949 :
1545 1916 1621 1949 Ecce
1634 1925 1689 1959 eqo
1702 1915 1865 1948 vobiscum
1876 1924 1948 1948 sum
1956 1912 1978 1931 ¹³
1991 1917 2118 1940 sollicitudo·

2027 1174 2172 1204 Eutychiana

1238 2043 1346 2071 nuinam
1362 2042 1466 2079 admitti
1480 2050 1532 2069 non
1549 2049 1637 2077 posse.
1655 2040 1805 2068 Coniiciunt
1821 2043 1909 2068 autem
1918 2042 1979 2076 post

1240 2088 1358 2114 medium
1388 2095 1507 2114 mensem
1527 2086 1650 2113 Martium
1674 2085 1737 2113 anni
1761 2085 1813 2112 450
1836 2084 1912 2112 datas
1929 2083 1978 2112 has

1240 2132 1342 2159 litteras
1361 2131 1452 2158 fuisse.

1274 2177 1290 2203 9
1306 2175 1343 2203 Ex
1363 2175 1426 2202 edit.
1451 2175 1578 2203 Balterin.
1604 2175 1675 2210 Opp.
1697 2175 1727 2202 S.
1750 2173 1851 2202 Leonis
1871 2176 1935 2201 tom.
1957 2180 1976 2208 1,

1240 2221 1290 2248 col.
1307 2220 1368 2247 982.

1278 2265 1310 2292 10
1325 2264 1443 2291 Cacciar.
1461 2265 1532 2299 Opp.
1544 2265 1573 2292 S.
1595 2264 1697 2292 Leonis
1714 2266 1783 2299 part.
1803 2269 1830 2298 lt,
1847 2271 1908 2299 pag.
1926 2262 1978 2290 222

1241 2318 1301 2336 cum
1323 2310 1358 2345 pl.
1389 2318 1452 2336 mss.
1479 2309 1554 2336 addit
1575 2309 1799 2344 yloriosissimae
1826 2316 1860 2336 ac
1877 2308 1978 2343 piissi-

1241 2363 1315 2417 mctui'
1328 2401 1339 2415 «
1359 2389 1432 2417 Plur.
1451 2389 1510 2418 cod.
1527 2389 1704 2424 euanqelicae
1717 2398 1742 2416 ν.
1769 2389 1865 2416 Baller.
1878 2389 1979 2417 etCac-

1242 2435 1305 2462 ciar.
1323 2436 1353 2462 11.
1368 2443 1409 2462 cc.

1278 2479 1310 2506 12
1329 2490 1341 2504 «
1356 2479 1420 2506 Cod.
1436 2479 1519 2506 Griin.
1533 2479 1754 2514 praetendimus
1771 2487 1794 2505 ».
1811 2478 1888 2505 Caco.
1912 2478 1930 2506 l.
1953 2487 1977 2506 c.

1241 2525 1371 2561 Corrupte
1387 2524 1505 2561 quidem.

1275 2570 1309 2596 13
1326 2578 1336 2594 «
1354 2568 1423 2595 Edit.
1449 2568 1518 2596 Surii
1542 2568 1613 2597 delet
1631 2577 1695 2596 sum
1712 2578 1736 2595 7).
1762 2567 1879 2595 Cacciar.
1906 2567 1924 2595 l.
1953 2576 1976 2596 c.

1241 2614 1340 2642 Contra
1354 2613 1430 2650 Vulg.
1447 2613 1537 2641 fidem.

1988 1201 2084 1222 haeresis
2098 1201 2173 1227 inipie-
2219 1219 2223 1222 .
2237 1199 2239 1202 '

2220 1639 2244 1893 .!fltssrq[›.3:2r:·«*·*²-1
2220 1608 2230 1620 ³·
2221 1573 2239 1598 ·„¹
2223 1445 2239 1551 ’ν’-ἈΛ
2224 1405 2235 1414 ¹

2224 2223 2241 2261 ,411
2220 2072 2241 2217 ’ἶῆἐὶθξςζῦἔ
2239 2045 2241 2056 -
2239 2014 2241 2023 s

2218 2273 2237 2366 msc-:a
2223 2250 2230 2261 «-
