2244 3183
91 239 141 268 An.
162 238 190 267 C.
207 238 259 266 449

129 1571 150 1592 ln
166 1571 280 1592 Theodosii

97 1598 177 1623 pietate
205 1598 281 1619 Leonis

96 1625 180 1646 fiducia.

947 234 972 258 s.
997 234 1059 258 uzo
1080 234 1090 258 1
1110 234 1160 259 ΓΡ.
1732 222 1768 254 51

289 296 353 320 non
388 284 544 319 excidant.
581 284 680 324 Quam
714 283 843 317 autcm¹
870 287 941 326 post
977 293 1030 326 ap—

290 338 495 384 pellationem
524 337 744 382 interpositam
770 338 830 370 hoc
853 336 1029 370 necessario

290 391 486 437 postuletur,
515 401 676 424 canonum
695 390 827 424 Nicaeae
848 389 1029 421 habitorum

291 446 420 479 decreta
444 450 628 485 testantur,
657 453 739 487 quae
771 454 787 476 a
809 442 906 476 totius
920 441 1030 474 muniti

292 504 366 532 sunt
391 497 610 531 sacerdotibus
635 496 817 531 constituta.
838 496 950 529 Favete
973 506 1031 528 ca·—

291 551 416 599 tholicjs
441 556 544 584 vestro
569 560 657 583 more
674 577 681 590 ,
708 555 945 594 parentumque
981 560 1032 581 ve-

291 610 433 638 strorum
458 603 530 637 date
555 603 772 636 defendendae
797 602 870 635 fidei
897 602 1029 634 liberta-

293 664 367 692 tern.
389 658 467 692 Cum
489 657 578 690 enim
600 657 762 690 Ecclesiae
787 666 899 689 causas
916 655 938 695 ²,
967 660 1032 687 tum

292 712 382 756 regni
408 711 503 744 vestri
527 711 650 754 agimus
674 710 684 726 ³
703 716 734 744 et
759 709 881 749 salutis7
908 714 942 741 ut
958 718 1031 752 pro-

292 764 470 798 vinciarum
496 769 673 797 vestrarum
699 762 806 806 quieto
832 762 902 796 iure
932 761 1034 806 potia-

292 817 384 851 mini.
410 817 574 851 Defendite
599 822 710 851 eontra
723 817 899 850 haereticos
917 816 1029 849 incon-

292 881 421 905 cussum
446 870 604 905 Ecclesiae
628 875 759 911 statum,
786 874 821 903 ut
845 875 876 902 et.
892 873 1032 902 vestrum

294 924 409 959 Christi
433 924 561 958 dextera
586 923 776 957 defendatur
794 922 976 966 imperium.

336 978 450 1011 Datum
472 977 566 1011 tertio
590 976 662 1010 idus
690 976 873 1016 octob1·is⁴,
907 974 1033 1009 Asturio

293 1037 323 1066 et
347 1032 527 1076 Protogene
545 1031 619 1064 viris
637 1030 820 1063 clarissimis
834 1030 1029 1064 consulibus.

327 1095 388 1122 Dat.
405 1094 448 1122 die
466 1094 498 1121 13
513 1093 630 1121 octobris
647 1101 710 1120 ann.
728 1093 788 1119 449.

482 1227 671 1261 EPISTOLA
697 1227 818 1260 xxvlll
832 1227 842 1241 ⁵

294 1309 383 1344 Idem
399 1309 618 1353 acsuperioris
625 1308 779 1352 epistolae
790 1312 1033 1351 saviunculum.

295 1391 351 1418 Leo
368 1390 525 1424 episcopus
552 1392 583 1417 et
608 1392 716 1416 saneta
745 1389 887 1423 synodus,
910 1396 984 1422 quae
1006 1388 1036 1414 in

329 1444 403 1471 urhe
420 1444 526 1470 Romae
536 1442 685 1475 convenit,
704 1442 868 1469 Theodosio
876 1442 1034 1476 ssAuqusto.

340 1513 413 1548 CAP.
454 1514 476 1546 I.
504 1513 632 1547 Litteris
669 1513 857 1547 clementiae
894 1519 1035 1551 vestrae,

297 1578 375 1612 quas
400 1567 523 1601 dudum
549 1566 589 1600 ad
615 1567 697 1600 beati
723 1567 808 1600 Petri
827 1567 961 1611 apostoli
983 1567 1037 1599 Se-

297 1621 368 1654 dem
395 1630 453 1664 pro
478 1620 654 1654 catholicae
671 1620 745 1653 fidei
764 1630 873 1654 amore
893 1620 1035 1661 misistis,

297 1679 417 1708 tantam
453 1673 606 1707 fiduciam
641 1673 836 1718 sumpsimus
866 1673 1038 1707 defenden-

297 1727 357 1761 dae
377 1737 434 1771 per
453 1737 507 1761 vos
527 1727 666 1761 veritatis
687 1732 717 1760 et
738 1727 834 1771 pacis,
857 1732 892 1760 ut
912 1728 943 1760 in
965 1738 1038 1761 cau-

296 1791 330 1815 sa
351 1786 416 1814 tam
441 1780 578 1824 simplici
603 1785 733 1824 tamque
747 1779 869 1814 munita
890 1780 1038 1825 nihilpu-

296 1840 435 1869 taremus
469 1845 561 1879 posse
585 1835 731 1875 existere,
765 1834 851 1878 quod
887 1839 1035 1868 noceret:

295 1888 484 1933 praesertim
509 1900 583 1922 cum
601 1888 639 1921 ad
659 1887 838 1932 episcopale
853 1888 1037 1927 concilium,

296 1941 383 1987 quod
407 1942 516 1976 haberi
541 1943 626 1986 apud
647 1942 807 1986 Ephesum
822 1942 1038 1986 praecepistis,

333 2069 343 2096 1
381 2079 392 2093 κ
419 2069 511 2101 Quam
538 2071 602 2103 post
630 2068 901 2104 appellationem».
932 2068 1037 2096 Contin.

296 2104 386 2132 Const.
408 2104 426 2131 l.
449 2112 472 2131 c.

331 2149 347 2175 2
369 2158 381 2175 ι
398 2148 432 2175 Εῑ
446 2149 569 2176 Atrebat.
587 2148 646 2175 cod.
664 2148 716 2183 leg.
733 2156 841 2176 causas.
857 2149 936 2176 Rect.
958 2149 1040 2180 Ques-

297 2184 378 2248 331¹&
391 2192 451 2247 cluuci
479 2184 631 2220 potioribus
655 2192 720 2212 mss.
745 2193 872 2213 causam.
890 2196 901 2209 »
933 2184 1037 2212 Contio.

332 2266 349 2293 3
365 2267 440 2293 «Pro
462 2266 578 2300 aqimus
606 2264 690 2301 antiq.
715 2265 810 2292 concil.
829 2265 960 2293 editiones
976 2274 1039 2293 cum

297 2309 365 2330 rom.
382 2302 539 2338 praeferunt
558 2309 715 2336 agamus».
737 2301 840 2328 contin.
862 2301 952 2328 Const.
975 2302 992 2328 l.
1015 2310 1038 2328 c.

332 2347 350 2373 4
369 2345 497 2373 Ballerin.
514 2345 596 2372 huius
616 2353 660 2379 ep.
681 2348 787 2381 tempus
811 2345 936 2372 fictitium
960 2349 1040 2373 autu-

297 2385 382 2416 mant,
409 2385 435 2408 et
459 2384 520 2417 post
543 2389 589 2408 eos
608 2380 684 2407 Jass‘e.
705 2380 809 2408 contin.
832 2381 924 2408 Const.
950 2385 1040 2409 autem

297 2416 537 2480 lixgiinpgpbatior.
563 2416 641 2444 codd.
668 2417 793 2444 auctorit.
819 2416 870 2444 hoc
892 2417 1041 2452 genuinum

334 2497 350 2524 5
370 2497 407 2524 Ex
427 2496 492 2524 edit.
514 2495 638 2523 Ballerin.
661 2496 731 2531 Opp.
756 2496 786 2524 S.
811 2497 912 2524 Leonis
932 2501 996 2525 tom.
1020 2505 1040 2532 1,

299 2533 351 2560 col.
371 2533 432 2560 909.
449 2532 544 2559 Videat
563 2532 656 2566 lector,
673 2541 706 2558 an
723 2532 811 2568 potius
825 2532 868 2559 hic
888 2534 922 2560 sit
942 2533 1040 2561 latinus

299 2571 387 2596 textus
407 2568 593 2604 praecedentis
607 2567 641 2595 ad
656 2567 838 2595 Theodosium
858 2569 998 2604 epistolae.

334 2612 351 2639 6
365 2611 483 2640 Caeciar.
502 2613 571 2647 Opp.
589 2612 618 2639 S.
646 2612 748 2639 Leonis
765 2615 831 2647 part.
856 2618 884 2645 11,
905 2621 965 2648 pag.
990 2613 1039 2641 178

300 2647 374 2676 addit
391 2656 454 2675 cum
475 2648 511 2676 al.
532 2655 660 2684 semper:
682 2647 747 2676 alias
764 2656 824 2677 vero
839 2648 960 2677 eiusdem
980 2649 1038 2685 epi-

1838 230 1888 258 ΑΒ.
1905 230 1933 258 C.
1954 230 2004 257 449

1066 288 1128 315 tam
1154 282 1300 316 instructi
1323 282 1383 315 sint
1400 282 1409 297 ⁷
1434 280 1537 321 missi,
1563 286 1598 313 ut
1622 279 1647 313 si
1673 280 1802 323 scripta,

1065 346 1144 378 quae
1170 336 1216 369 vel
1249 335 1287 368 ad
1317 341 1458 369 sanctam
1495 334 1653 378 synodum
1690 333 1738 366 vel
1767 333 1805 365 ad

1064 388 1248 421 Flavianum
1274 389 1458 432 episcopum
1473 388 1669 427 detulerunt,
1685 387 1806 432 episco-
1844 398 2005 428 Dioscoridete-

1065 451 1179 484 porum
1216 442 1372 485 publicari
1407 441 1539 475 auribus
1575 440 1806 473 Alexandrinus
1821 425 2005 452 ⁵¹“b¹¹¹⁵p⁹rfid¹³'

1065 494 1262 538 permisisset
1293 494 1446 535 antistes,
1483 495 1525 527 ita
1550 494 1807 528 manifestatione

1066 549 1253 592 purissimae
1272 549 1357 589 fidei,
1378 559 1474 591 quam
1500 548 1650 581 divinitus
1674 548 1808 591 inspira-

1066 608 1129 635 tam
1155 608 1185 635 et
1209 602 1392 646 accepimus
1416 607 1447 635 et
1470 607 1635 642 tenemus,
1662 602 1808 634 omnium

1067 656 1340 690 concertationum
1358 656 1368 671 ⁸
1388 655 1538 699 strepitus
1563 655 1745 698 quievisset,
1774 660 1809 688 ut

1066 720 1125 743 nec
1150 709 1309 753 imperitia
1330 709 1413 742 ultra
1438 709 1607 752 desiperet,
1634 719 1694 741 nec
1718 719 1809 741 occa-

1068 764 1188 797 sionem
1204 762 1341 797 nocendi
1362 762 1533 795 aemulatio
1551 761 1717 805 reperiret.
1737 760 1809 801 Sed,

1068 817 1143 849 dum
1169 817 1308 860 privatae
1333 826 1463 849 caussae
1484 815 1646 857 religionis
1662 824 1810 848 exercen-

1068 876 1120 903 tur
1155 869 1311 910 obtentu,
1339 869 1545 903 commissum
1571 873 1619 901 est
1646 868 1809 911 impietate

1069 933 1270 967 paucorum,
1304 923 1389 967 quod
1432 923 1611 956 universam
1636 921 1809 955 Ecclesiam

1068 977 1259 1011 vulneraret.
1289 976 1510 1021 Comperimus
1550 976 1633 1009 enim
1670 985 1734 1008 non
1764 975 1810 1007 in-

1068 1037 1156 1064 certo
1169 1031 1295 1072 nuntio,
1319 1030 1372 1064 sed
1390 1029 1577 1063 fidelissimo
1593 1040 1713 1068 rerum,
1728 1038 1810 1072 quae

1068 1089 1174 1128 gestae
1197 1088 1289 1123 sunt,
1316 1083 1504 1116 narratore⁰
1527 1082 1636 1116 llilaro
1674 1081 1810 1115 diacono

1069 1144 1192 1177 nostro,
1218 1138 1272 1181 qui
1294 1137 1354 1177 vix,
1380 1147 1419 1170 nc
1440 1135 1643 1170 subscribere
1667 1146 1724 1179 per
1747 1134 1809 1167 vim

1069 1196 1257 1235 cogeretur,
1285 1190 1414 1234 effugit,
1444 1189 1629 1223 convenisse
1653 1188 1693 1221 ad
1718 1198 1812 1232 syno-

1070 1246 1147 1278 dum
1160 1245 1315 1288 plurimos
1332 1244 1526 1283 sacerdotes,
1544 1254 1681 1287 quorum
1701 1243 1812 1285 utique

1069 1298 1247 1340 frequentia
1273 1297 1497 1330 consultationi
1511 1297 1532 1313 ¹⁰
1546 1303 1577 1329 et
1600 1295 1719 1329 iudicio
1739 1306 1812 1339 pro-

1070 1351 1199 1391 fuisset,
1223 1351 1248 1383 si
1273 1351 1315 1391 is,
1339 1350 1392 1393 qui
1413 1350 1472 1383 sihi
1498 1351 1603 1384 locum
1635 1349 1811 1394 principem

1072 1404 1269 1443 vindicabat,
1298 1403 1528 1436 sacerdotalem
1558 1402 1812 1436 moderationem

1071 1457 1231 1491 custodire
1256 1457 1422 1491 voluisset:
1449 1462 1493 1497 ut,
1523 1456 1605 1490 sicut
1629 1456 1726 1490 moris
1750 1460 1810 1496 cst,

1072 1511 1406 1545 omniumsententiis
1431 1522 1467 1543 ex
1491 1509 1637 1543 libertate
1661 1509 1808 1554 prolatis,
1836 1519 2012 1549 smodaiessen.

1071 1566 1102 1599 id
1124 1565 1296 1609 tranquillo
1321 1570 1352 1597 et
1376 1575 1479 1608 aequo
1508 1563 1758 1598 constitueretur
1782 1574 1813 1596 e·
1827 1546 2013 1599 ifi'riiii‘iacupnioii]

1072 1619 1218 1659 xamine,
1247 1618 1334 1662 quod
1359 1623 1389 1651 et.
1427 1617 1501 1651 fidei
1539 1622 1755 1660 congrueret,
1783 1622 1813 1649 et
1828 1599 1915 1620 rendam

1071 1672 1254 1706 errantibus
1281 1673 1473 1705 subveniret.
1498 1671 1532 1705 In
1557 1672 1626 1715 ipso
1644 1670 1814 1704 antemiu-

1072 1727 1155 1760 dicio
1179 1737 1243 1760 non
1268 1737 1380 1760 omnes
1405 1726 1459 1770 qui
1485 1730 1700 1759 convenerant
1716 1724 1815 1758 inter-

1073 1780 1169 1814 fuisse
1193 1780 1413 1824 cognovimus.
1431 1779 1510 1812 Nam
1531 1779 1609 1812 alios
1629 1778 1763 1811 reiectos
1780 1777 1813 1817 ¹¹,

1072 1835 1150 1867 alios
1175 1834 1344 1867 didicimus
1372 1833 1597 1872 intromissos,
1629 1831 1683 1875 qui
1712 1842 1770 1875 pro
1794 1830 1816 1847 ¹²

1073 1888 1247 1932 supradicti
1271 1887 1446 1922 sacerdotis
1463 1886 1595 1920 arbitrio
1619 1885 1725 1930 impiis
1742 1885 1814 1919 sub-

1073 1941 1300 1986 scriptionibus
1321 1941 1460 1985 captivas
1478 1951 1591 1974 manus
1612 1939 1766 1973 dederent
1783 1938 1815 1979 ¹³,

1838 985 1889 1006 Eius
1897 985 2004 1005 saevitiae

1852 1198 1936 1219 Hilarus
1951 1203 1962 1218 e
1978 1203 2011 1224 sy-

1826 1226 1881 1247 uodo
1897 1225 1985 1250 aufugit.

1073 2068 1155 2095 stolae
1169 2067 1360 2103 inscriptiones
1380 2067 1433 2094 vid.
1450 2066 1521 2103 apud
1538 2066 1662 2093 Ballerin.
1684 2065 1734 2093 col.
1751 2065 1812 2093 910.

1109 2114 1123 2140 7
1142 2122 1153 2138 α
1171 2113 1317 2148 Perperam
1333 2112 1470 2145 Quesnell.
1493 2115 1558 2140 sunt
1571 2122 1598 2139 n.
1621 2110 1745 2138 Ballerin.
1763 2110 1814 2137 col.

1073 2157 1124 2184 91⁰2
1145 2160 1172 2184 et
1186 2157 1305 2184 Cacciar.
1322 2157 1340 2183 l.
1353 2166 1376 2183 c.

1109 2203 1125 2229 8
1148 2212 1160 2226 «
1176 2201 1246 2228 Edit.
1271 2205 1331 2228 ante
1347 2201 1482 2233 Quesnell.
1505 2209 1565 2227 cum
1586 2199 1649 2235 aliq.
1666 2207 1731 2226 mSS.
1749 2206 1815 2226 con-

1073 2243 1263 2277 gressionum,
1285 2245 1311 2269 et
1332 2241 1365 2268 ad
1388 2241 1502 2276 margin.
1528 2240 1772 2268 concertationum
1790 2248 1813 2266 ).

1075 2282 1198 2309 Ballerin.
1216 2283 1233 2309 l.
1251 2291 1274 2309 c.

1109 2327 1212 2390 ξέἵαθΑΙ.
1227 2330 1370 2355 narrante
1389 2338 1411 2355 ».
1429 2325 1555 2354 Ballerin.
1573 2325 1590 2353 l.
1608 2334 1631 2352 c.
1649 2328 1675 2352 et
1695 2324 1812 2352 Caeciar.

1074 2371 1099 2398 p.
1173 2384 1178 2389 .

1112 2407 1144 2433 10
1162 2417 1172 2432 «
1187 2407 1226 2433 Al.
1242 2407 1387 2435 collationi
1404 2407 1445 2434 vel
1457 2406 1682 2434 consolationi».
1696 2404 1814 2432 Caeciar.

1075 2446 1102 2470 et
1117 2442 1242 2469 Ballerin.
1260 2443 1287 2469 ll.
1306 2451 1345 2469 cc.

1112 2489 1139 2514 11
1160 2498 1171 2511 <1
1188 2487 1245 2514 Vat.
1262 2487 1327 2515 3791
1346 2488 1445 2515 eiectos
1459 2496 1482 2514 ι.
1500 2486 1618 2514 Cacciar.
1635 2493 1695 2522 pag.
1720 2485 1779 2512 180.

1111 2531 1143 2559 12
1163 2543 1175 2557 «
1190 2532 1232 2559 Al.
1251 2532 1344 2559 delent
1359 2541 1414 2568 pro
1433 2542 1457 2560 n.
1474 2531 1601 2559 Ballerin.
1618 2531 1636 2558 1.
1654 2539 1678 2558 c.

1111 2577 1143 2602 13
1162 2587 1174 2601 ι
1190 2577 1337 2604 Desierunt
1350 2587 1372 2604 ι.
1386 2577 1505 2604 Cacciar.
1528 2577 1545 2603 l.
1558 2584 1593 2609 c.,
1611 2575 1656 2611 qui
1672 2574 1815 2601 lectionem

1073 2613 1204 2640 dederent
1219 2620 1233 2639 a
1257 2612 1394 2642 Quesnell.
1416 2613 1549 2640 invectam
1565 2615 1641 2647 putat
1655 2618 1760 2637 merum
1781 2609 1814 2636 li-

1073 2648 1157 2676 brarii
1172 2647 1308 2676 mendum.
