2244 3183
37 233 87 260 An.
103 232 132 258 (l.
152 231 203 259 457

57 505 174 532 Episcopus
184 509 221 529 pro

889 228 914 251 S.
939 227 1001 251 LEO
1024 228 1033 251 1
1053 228 1104 251 PP.

234 278 338 322 potuit
357 278 532 319 deterrere,
554 288 613 311 nec
637 276 803 320 temporis,
832 274 912 308 nihil
939 275 978 308 de

234 332 404 365 clementia
424 342 481 365 sua
501 331 621 365 sineret
642 330 809 369 obtinere3
839 328 979 361 maxime

235 396 308 418 cum
334 385 366 418 in
385 385 583 418 eversionem
611 383 687 418 fidei
718 383 980 417 Chalcedonense

234 438 411 472 Concilium
426 438 555 483 cupiant
576 436 756 471 retractari.
782 435 922 469 Proinde
934 435 981 468 di-

236 491 512 525 lectionisvestrae
527 491 730 524 tolerantiam
752 490 864 523 eadem
887 499 981 522 causa

1660 218 1717 251 ‘ltil

1010 275 1075 308 suis
1096 275 1287 309 inconcussa
1320 275 1410 308 saciat
1434 275 1547 309 Christi
1573 286 1651 319 pace
1672 287 1753 318 gau-

1012 328 1100 362 dere.

1056 382 1169 415 Datum
1181 383 1326 416 kalendis
1337 383 1533 424 Decembris,
1547 384 1757 417 Constantino

1015 440 1045 468 et
1065 435 1146 468 Ruso
1168 436 1364 469 consulibus.
1414 425 1419 430 ⁸

1053 497 1109 524 Dat.
1127 497 1170 524 die
1194 500 1202 524 1
1226 498 1450 527 Decembrisan.
1473 501 1536 527 ⁴257.

1787 229 1836 256 Αιι.
1860 229 1886 256 C.
1903 230 1953 257 457

39 532 79 553 nde
88 532 195 561 exulantes
203 531 222 550 in

39 561 147 585 proposuo
161 562 221 577 enixe

40 585 156 606 confirmat.

238 545 346 585 debet,
371 556 454 589 quae
476 555 530 578 vos
551 545 590 577 de
611 543 752 588 propriis
777 542 907 576 sedibus
928 553 981 575 ex-

236 598 330 642 pulit,
355 597 531 631 consolari:
556 597 634 641 quia
654 602 779 635 certum
802 602 848 629 est
883 595 983 628 tribu-

23 654 31 658 ’
53 662 223 694 procat-istinc
238 652 319 685 latos
352 652 488 693 animos,
524 657 555 685 et
583 657 718 696 propter
748 660 868 684 nomen
888 660 982 683 suum

40 689 224 747 ῗῖἶῗέἕζκῑῖιῗῗηῗιῖ
237 705 397 750 patientes
438 705 573 739 adversa
614 715 820 749 nequaquam
855 702 983 737 Domini

41 745 167 766 mutuum.
239 759 441 802 protectione
457 758 597 792 destitui.
621 759 712 791 Ferte
734 758 832 800 igitur
849 759 985 799 'magna-

1230 694 1412 729 EPISTOLA
1438 696 1511 729 CXV
1525 696 1546 728 ¹².

61 1568 91 1589 De
101 1568 160 1589 hosta
169 1567 196 1589 ab
207 1573 232 1588 u—

47 1596 169 1616 niversitate
185 1601 232 1621 per·

48 1623 106 1643 cutso
126 1627 232 1648 nunquam

49 1648 115 1670 ardua
126 1649 222 1669 victoria.

76 1781 135 1808 Apu-1
146 1782 233 1808 August.

49 1810 106 1831 omni
127 1814 190 1835 preco
205 1809 233 1829 la-

49 1837 174 1857 horandum.

238 811 389 854 nimiter,
412 818 443 845 et
467 812 568 853 illam,
597 822 680 856 quae
709 817 813 845 vestra
844 816 902 851 est,
926 821 984 854 pa-

239 866 333 899 triam
355 866 534 909 cogitantes
555 867 594 900 de
615 865 775 910 praesenti
796 864 984 909 peregrina-

240 921 326 954 tione
347 922 496 963 gaudete.
522 921 611 954 Absit
630 931 648 954 a
668 920 758 954 vohis
779 919 864 953 exilii
877 919 981 956 dolor,

239 984 300 1007 nec
321 974 443 1018 aliquid
470 974 509 1008 de
530 975 590 1007 hac
610 973 798 1016 fatigatione
828 971 986 1005 moeroris

240 1027 396 1069 habeatis,
413 1028 470 1072 qui
483 1028 570 1062 scitis
584 1033 718 1072 propter
738 1026 836 1061 fidem
857 1025 985 1060 Domini

241 1082 337 1114 etiam
369 1082 407 1115 de
438 1082 591 1126 periculis
615 1081 765 1126 plurimis
795 1080 986 1124 Apostolum

241 1135 384 1177 gloriari.
408 1135 539 1169 Habetis
567 1146 641 1169 cum
660 1134 864 1179 praeparatis
884 1133 983 1167 Petri--

241 1189 385 1223 butionis
412 1189 567 1233 praemiis
599 1189 689 1222 istius
715 1188 902 1222 certaminis
927 1198 984 1221 co-

242 1242 415 1285 gnitorem.
452 1242 553 1276 Nemo
575 1242 676 1285 fugiat
707 1242 793 1275 hunc
824 1241 984 1281 laborem,

244 1295 336 1329 cuius
356 1306 480 1329 merces
498 1302 544 1330 cst
561 1296 594 1329 in
609 1301 777 1329 aeternum
799 1305 937 1337 regnare
959 1300 988 1328 et

244 1349 350 1382 vivere
363 1347 382 1381 ⁴.
401 1348 470 1382 Sint
483 1349 515 1381 in
533 1349 622 1382 atriis
636 1349 810 1382 Ierusalem
825 1348 877 1381 fixi
890 1348 989 1392 pedes

245 1401 390 1434 omnium
414 1401 649 1441 dimicantium,
673 1401 728 1445 qui
756 1412 811 1445 spe
843 1400 986 1434 retribu-

246 1454 341 1488 tionis
359 1454 444 1487 illius
465 1465 524 1488 nec
545 1454 752 1487 inimicorum
776 1459 880 1487 castra
899 1460 990 1498 pote-

245 1512 320 1540 runt
339 1507 527 1547 formidare,
550 1518 610 1541 nec
630 1508 762 1551 praelia.
786 1507 830 1541 Do
844 1507 990 1551 reliquiis

246 1561 346 1594 hostis
366 1561 482 1594 abiecti
499 1561 620 1605 pariter
640 1561 679 1594 ab
696 1561 903 1594 universitate
916 1572 990 1605 per-

248 1614 344 1648 culsis
364 1625 542 1658 numquam
562 1620 609 1648 est
629 1615 730 1648 ardua
756 1615 889 1648 victoria
902 1642 909 1655 ,
932 1625 990 1648 nec

247 1668 355 1712 palma
368 1668 518 1709 difficilis,
535 1668 709 1712 praecipue
723 1669 762 1702 de
778 1668 838 1707 his,
853 1679 990 1712 quarum

247 1727 426 1766 prostratos
445 1722 508 1755 iam
531 1722 644 1755 videtis
664 1727 824 1755 auctores.
849 1721 993 1756 Assiduis

250 1785 328 1818 ergo
354 1776 505 1819 precibus
526 1776 623 1819 (sicut
645 1782 676 1808 et
700 1775 769 1819 ipse
789 1785 855 1809 non
883 1775 993 1817 tacuit)

249 1828 401 1869 savorem,
425 1829 478 1872 qui
500 1829 565 1862 Deo
585 1828 728 1872 propitio
742 1834 912 1872 promptus
933 1834 990 1866 cst,

249 1882 504 1915 christianissimi
520 1883 725 1926 imperatoris
738 1883 874 1916 ambite:
899 1888 934 1915 ut
946 1893 994 1915 sc-

250 1936 392 1969 cundum
413 1936 542 1979 scripta,
563 1947 646 1979 quae
667 1936 750 1975 misi,
764 1935 945 1969 communis
959 1936 994 1967 fi-

251 1988 302 2021 dei
331 1999 459 2022 causam
491 2000 527 2022 ea
548 1989 665 2022 mentis
690 1989 874 2029 devotione,
897 1999 993 2032 quam

251 2041 459 2085 probavimus
480 2053 552 2075 eum
568 2042 698 2083 habere,
716 2042 931 2084 communiat,
949 2042 996 2075 ‹ti-

252 2095 462 2139 lectionisque
481 2101 605 2129 vestrae
621 2095 771 2137 reditum,
789 2095 996 2139 praeiudiciis

253 2149 414 2190 omnibus,
433 2159 515 2193 quae
535 2149 773 2182 haereticorum
793 2149 903 2183 surore
923 2155 997 2183 sunt

253 2208 418 2244 generata,
447 2202 592 2242 sublatis,
622 2212 680 2245 pro
701 2213 760 2236 sua
785 2202 903 2246 pietate
933 2203 997 2236 dis-

253 2261 363 2299 ponat,
397 2261 428 2289 et
458 2255 600 2298 singulas
627 2266 771 2300 quasque
802 2256 993 2300 provincias,

254 2317 430 2353 omnesque
466 2309 625 2343 Ecclesias
660 2319 734 2342 cum
773 2310 996 2344 sacerdotibus

294 2453 301 2479 l
326 2461 337 2477 <‹
359 2452 443 2479 Grim.
465 2451 536 2485 eod.‚
554 2451 626 2479 unde
642 2455 747 2487 sumpta
762 2456 804 2479 est
823 2452 999 2488 epistola,ha-

254 2496 299 2524 bet
315 2505 438 2532 reynare
455 2497 497 2523 vel
511 2497 606 2524 vivere.
620 2507 643 2523 ν.
662 2496 781 2523 Cacciar.
800 2497 870 2532 Opp.
887 2498 917 2525 S.
933 2497 998 2525 Leo-

256 2541 300 2569 nis
317 2545 386 2576 part.
404 2548 432 2576 tt,
450 2549 510 2576 pag.
527 2540 589 2567 438.
605 2541 672 2568 Sane
688 2548 842 2577 perperam.

291 2591 307 2618 2
327 2591 363 2618 Ex
385 2591 448 2619 edit..
471 2591 596 2619 Ballerin.
618 2591 689 2627 Opp.
715 2591 744 2618 S.
770 2592 871 2619 Leonis
891 2595 954 2620 tom.
979 2600 998 2628 1,

258 2639 309 2666 col.
328 2639 405 2668 1336.

325 2693 397 2728 App.
414 2693 493 2722 Ball.
510 2694 592 2723 Rom.
612 2709 642 2714 —
664 2694 720 2722 Vol.
739 2693 762 2721 J.
945 2693 975 2722 ²1

1017 797 1161 840 Aeyypti
1180 797 1340 841 episcopos
1370 798 1412 830 ad
1444 799 1660 831 constantiam
1690 799 1762 831 llor-

1065 860 1151 889 tatus
1171 867 1222 889 eos
1240 857 1378 890 instruit
1403 856 1440 889 <Ie
1462 857 1578 900 leyatis
1603 858 1634 891 S.
1658 858 1699 891 A.
1723 859 1762 890 ab

1063 914 1212 957 Auqusto
1226 915 1387 958 arpenti&
1402 920 1581 959 monetque.
1599 920 1634 948 ut
1653 916 1763 948 inanis

1064 972 1191 1015 qloriac
1216 974 1450 1007 contentionem
1478 975 1606 1013 evitent,
1636 985 1672 1007 (ιε
1696 985 1764 1006 om-

1065 1041 1140 1064 nem
1161 1042 1233 1064 eum
1249 1032 1421 1064 haereticis
1442 1032 1690 1065 controversiam
1706 1042 1764 1074 pro

1065 1090 1192 1123 viribus
1212 1100 1329 1123 arcecm
1337 1094 1356 1122 t.

1020 1183 1233 1212 Dilectissimis
1253 1185 1400 1212 fratribus
1415 1184 1566 1219 nestorio,
1587 1185 1763 1217 Athanasio,

1061 1233 1176 1266 Paullo,
1193 1234 1292 1267 Petro,
1309 1234 1458 1265 Thaenae,
1474 1234 1583 1266 Isaiae,
1599 1233 1763 1267 Apollonio,

1058 1283 1226 1316 Arpocrati,
1244 1283 1370 1317 Isidoro,
1390 1283 1486 1315 Isaac,
1507 1283 1675 1316 Apollonio,
1705 1284 1766 1310 Ma-

1059 1331 1146 1364 ximo,
1164 1332 1485 1366 Marcioni,Poomenio
1495 1333 1518 1365 ³,
1535 1334 1566 1359 et.
1581 1332 1717 1365 Helpidio
1734 1340 1764 1359 e-

1058 1381 1190 1414 piscopis
1207 1384 1237 1408 et.
1262 1381 1381 1409 clericis
1398 1381 1557 1409 catholicis
1575 1389 1610 1408 ex
1633 1381 1766 1416 Aegypto

1059 1431 1136 1463 apud
1154 1430 1441 1464 Constantinopolim
1456 1430 1633 1458 constitutis
1648 1430 1715 1456 Leo.

1068 1511 1140 1544 [ΙΑΡ.
1162 1511 1184 1544 Ι.
1201 1510 1468 1551 Tribulationem,
1484 1521 1580 1554 quam
1601 1511 1768 1544 dilectioni
1784 1516 1967 1564 Chrjgttffleaffissgg

1025 1569 1148 1597 vestrae
1168 1563 1300 1607 spiritus
1318 1564 1497 1597 diabolicae
1510 1564 1693 1597 tentationis
1714 1564 1765 1596 iu-
1783 1557 1917 1596 {perandum-

1026 1617 1132 1660 gessit,
1161 1617 1200 1649 ab
1225 1621 1264 1650 eo
1285 1617 1478 1654 fiducialiter
1510 1617 1630 1650 credite
1661 1617 1768 1650 suble-

1028 1670 1176 1707 vandam,
1200 1674 1333 1712 propter
1353 1679 1449 1712 quem
1484 1668 1559 1701 talia
1589 1668 1768 1705 sustinetis2

1027 1728 1123 1766 atque
1136 1722 1146 1738 ⁴
1164 1721 1263 1765 ipsius
1277 1721 1395 1754 auxilio
1411 1722 1624 1754 consolandos
1636 1732 1689 1754 vos
1703 1732 1771 1755 esse

1028 1775 1238 1819 praesumite,
1263 1775 1354 1808 cuius
1375 1775 1542 1808 dilectioni
1571 1786 1653 1818 quae
1686 1775 1768 1808 tole-

1029 1829 1106 1862 ratis
1132 1829 1329 1873 impenditis.
1358 1829 1416 1868 Qui
1449 1829 1524 1862 licet
1551 1829 1772 1873 temporaliter

1028 1883 1110 1923 sieri,
1133 1893 1215 1927 quae
1235 1889 1310 1916 sunt
1329 1883 1473 1923 adversa,
1497 1882 1673 1926 permittat,
1698 1892 1773 1915 con—

1028 1937 1179 1970 stantiam
1196 1942 1302 1970 tamen
1318 1936 1393 1969 fidei
1412 1946 1476 1969 non
1491 1936 1557 1969 vult
1577 1936 1703 1976 discuti,
1717 1936 1772 1969 sed

1030 1990 1172 2034 probari.
1188 1991 1370 2024 Promissae
1385 1990 1594 2024 beatitudinis
1615 2001 1704 2034 spem
1720 2001 1773 2032 gc-

1030 2049 1137 2077 rentes
1158 2044 1331 2088 patientiae
1360 2043 1637 2086 longanimitatem
1660 2043 1772 2076 vestris

1031 2098 1192 2131 mentibus
1221 2097 1386 2131 adhibete:
1419 2097 1545 2130 Fidelis
1575 2097 1661 2129 enim
1688 2097 1773 2129 Dens
1795 2104 1956 2150 mntjffltffltsfg

1030 2155 1085 2187 est.
1109 2151 1168 2194 qui
1194 2161 1255 2184 non
1281 2152 1429 2195 patietur
1455 2162 1507 2182 ros
1529 2151 1648 2183 tentari
1672 2161 1771 2194 snpra
1796 2145 1955 2203 gglfgxffirswu·

1030 2205 1066 2237 td
1085 2205 1172 2248 quod
1195 2206 1339 2249 potestis,
1371 2205 1424 2238 sed
1453 2205 1548 2248 saciet
1574 2215 1644 2236 cum
1669 2208 1770 2236 tenta·
1840 2198 1843 2202 ¹
1886 2199 1888 2202 ’

1033 2258 1118 2291 tione
1138 2258 1273 2297 emitum,
1297 2262 1329 2290 ιι(
1348 2258 1481 2301 possitis
1501 2257 1691 2290 sustinet-0³.
1709 2257 1772 2290 Nec

1031 2311 1129 2355 pedes
1146 2316 1266 2344 vestros
1284 2316 1490 2354 peccatorum
1506 2321 1564 2354 pax
1585 2310 1651 2343 visa
1668 2310 1772 2343 dimo-

1067 2454 1083 2480 3
1097 2454 1216 2481 (lact-iar.
1239 2454 1310 2489 Ostp.
1328 2454 1357 2481 S.
1381 2454 1481 2481 Leonis
1501 2458 1568 2489 part.
1586 2460 1618 2486 tt,
1636 2462 1695 2489 pag.
1711 2455 1772 2485 4463

1035 2499 1159 2526 Poemio.

1069 2548 1083 2573 li
1098 2548 1217 2574 (tacciar.
1237 2548 1254 2574 l.
1272 2557 1295 2574 c.
1311 2548 1418 2583 itaque.
1435 2547 1543 2581 Melius,
1560 2552 1588 2574 ut
1604 2547 1684 2574 videt.
1706 2556 1733 2573 n.
1754 2548 1771 2572 Ι.

1068 2598 1084 2625 5
1100 2597 1109 2624 l
1124 2598 1186 2623 Cor.
1204 2597 1336 2632 x‚13,11bi
1351 2597 1428 2633 Vulg.
1442 2597 1517 2631 legit.
1534 2605 1598 2625 cum
1615 2597 1773 2625 tentatione

1031 2644 1202 2676 proventum
1209 2662 1215 2668 .
