2244 3183
250 224 299 252 An.
321 224 349 252 C.
366 224 419 253 535

264 605 336 629 Quivis
345 605 426 631 episco-

244 637 283 657 pus
292 634 364 652 contra
372 632 427 652 fece-

245 659 278 680 rit.
292 658 379 678 lionoris
394 658 426 679 sui

244 685 358 705 amissione
375 685 426 706 mul·

243 713 319 733 cietur.

315 1299 424 1325 Reparato

241 1325 317 1355 dam-no
329 1342 334 1350 ‚
354 1332 424 1352 poena

241 1355 367 1374 remittatur.

297 1710 423 1733 Huiusmodi

240 1737 388 1764 alienationes,
405 1740 424 1760 si

482 215 546 250 510

445 275 640 310 alienatione
661 275 700 309 ad
722 274 895 311 cuiuslibet
915 274 985 308 iura
998 276 1181 309 transferre.

444 330 507 364 Neo
529 329 718 373 cuiusquam
733 333 903 362 excusetur
915 329 1115 362 necessitatis
1129 329 1186 363 ob-

445 389 549 423 tentu;
577 382 698 426 quippe
728 392 799 415 cum
834 393 899 416 non
929 383 967 416 sit
1000 383 1182 427 personale,

443 437 530 480 quod
550 436 727 479 loquimur,
758 446 817 469 nee
838 436 955 480 aliquis
975 437 1182 478 elericorum,

444 490 490 522 vel
522 489 678 522 laicorum
705 489 764 522 sub
786 489 846 522 hae
863 490 1033 524 occasione
1053 495 1185 534 accepta

444 547 581 575 tueatur.
598 542 638 576 Et
652 542 754 586 paulo
768 542 869 586 post¹:
886 543 1089 588 Quicumque
1103 544 1185 577 obli-

443 600 492 629 tus
504 596 570 638 Dei,
592 601 623 630 et
636 596 755 630 decreti
778 596 874 630 liuius
894 597 1079 639 immemor,
1096 598 1186 631 cuius

442 650 606 683 Romanae
617 650 752 684 civitatis
769 651 954 685 sacerdotes
971 652 1121 685 volumus
1134 662 1185 685 re-

442 702 564 745 ligiosis
583 703 718 737 nexibus
732 704 917 746 devinei1·i²,
933 710 1046 739 contra
1066 706 1183 747 faeere,

441 762 496 791 aut
525 757 648 802 aliquid
675 758 818 792 alienare
844 759 1028 800 tentaverit,
1051 759 1185 793 honoris

440 810 489 844 sui
507 811 681 845 amissione
699 812 885 846 muletetur.
902 813 1108 847 Praeeereffl:
1129 812 1185 857 qui

438 865 570 909 petierit
601 872 655 899 aut
675 866 850 911 acceperit,
872 867 921 900 vel
943 867 999 911 qui
1019 867 1185 911 presbyte-

439 929 565 961 rorum,
581 924 636 953 aut
652 919 877 962 diaconorum,
892 931 949 954 seu
962 921 1180 962 defensorum,

440 973 529 1007 danti
550 973 789 1018 subscripserit,
810 974 877 1016 illo,
895 985 959 1019 quo
980 974 1081 1009 iratus
1100 976 1184 1009 Deus

439 1027 564 1061 animas
592 1028 765 1072 pereutit⁴‚
795 1029 1001 1062 anathemate
1025 1028 1180 1070 feriatur;

439 1080 545 1125 sitque
565 1081 737 1125 accipienti
761 1087 791 1115 et
819 1082 1034 1116 subscribenti
1052 1083 1091 1116 de
1107 1093 1182 1127 per-

439 1135 526 1168 sonis
546 1135 694 1179 superius
715 1136 970 1180 comprehensis,
991 1136 1023 1169 id
1037 1141 1084 1169 est
1104 1146 1183 1180 quas

440 1188 645 1222 anathemate
658 1188 747 1222 feriri
762 1189 957 1230 censuimus,
972 1194 1090 1222 statuta
1106 1199 1184 1233 poe-

439 1252 481 1276 na
495 1242 737 1284 contubernio⁵3
752 1244 888 1284 servata,
903 1254 1000 1287 quam
1015 1243 1184 1287 praemisi-

441 1305 511 1329 mus
528 1295 560 1328 in
578 1296 674 1329 dante
685 1296 707 1337 ⁶,
728 1296 887 1338 vindicta3
906 1296 968 1330 nisi
987 1297 1069 1330 forte
1090 1297 1184 1330 dator

440 1349 536 1383 celeri
556 1349 750 1393 repetitione
770 1351 974 1394 prospexerit
987 1350 1006 1383 ⁷.
1028 1350 1119 1390 Quod
1136 1350 1185 1384 si8

440 1403 567 1436 minore
595 1402 723 1436 animae
747 1414 824 1437 suae
843 1414 920 1437 cura
940 1403 1114 1448 quisquam
1133 1415 1184 1438 re-

439 1455 582 1489 medium
605 1456 749 1489 oblatum
771 1457 854 1491 forte
873 1457 1064 1500 neglexerit,
1086 1469 1185 1502 supra

439 1519 475 1542 ea
492 1519 671 1553 poenarum
701 1520 831 1553 genera,
855 1521 938 1555 quae
958 1511 1107 1556 superius
1132 1517 1181 1545 te-

438 1568 558 1597 nentur
574 1563 749 1608 adscripta.
777 1564 894 1598 Contra
912 1565 958 1598 sas
974 1565 999 1598 si
1020 1576 1084 1609 qua
1109 1576 1185 1599 eon-

439 1621 532 1660 cepta
542 1616 640 1650 fuerit
654 1616 816 1661 scriptura
826 1618 848 1657 ⁰,
869 1617 1028 1652 universis
1048 1618 1181 1660 viribus,

438 1669 585 1713 quamvis
605 1669 645 1703 ab
663 1669 757 1703 initio
777 1671 883 1704 nullas
903 1671 1064 1713 habuerit,
1089 1672 1186 1705 effoe-

439 1726 535 1756 tetur.
551 1722 613 1757 Sed
625 1723 721 1756 etiam
742 1723 839 1757 liceat
856 1724 1118 1769 quibuscumque
1131 1735 1184 1759 ec-

477 1876 488 1902 1
512 1875 621 1903 Scilicet
636 1884 667 1903 ex
683 1876 778 1904 eodem
794 1877 876 1904 Cone.
893 1877 970 1905 Rom.
988 1886 1046 1914 cap.
1062 1884 1097 1905 vt.

474 1919 492 1946 2
511 1919 552 1947 lb.
573 1920 668 1948 fusiori
687 1921 769 1956 stylo:
791 1922 994 1957 «Quicumque
1007 1944 1061 1950 .....
1083 1923 1183 1951 devin-

440 1964 516 1998 ciri,
546 1965 577 1991 in
606 1966 795 1993 constitutum
819 1974 957 2001 praesens
984 1968 1181 2002 committens,

440 2009 596 2044 quicquam
622 2010 655 2037 de
684 2010 746 2039 iure
770 2011 940 2047 titulorum,
964 2013 1007 2039 vel
1029 2013 1108 2040 Ecct.
1134 2022 1183 2041 su-

435 2053 538 2088 perius
556 2054 711 2089 praefatae
731 2055 856 2090 quotibet
870 2056 966 2091 modo,
986 2060 1104 2091 praeter
1127 2066 1182 2085 au-

439 2106 518 2133 rum,
538 2101 693 2133 arqentum
709 2100 751 2126 vet
774 2107 912 2135 qemmas,
928 2103 1015 2128 vestes
1030 2109 1143 2136 quoque
1158 2102 1184 2129 si

438 2145 517 2177 sunt,
532 2143 573 2170 vel
587 2143 614 2172 si
637 2145 810 2172 accesserint
829 2145 930 2180 aliqua
949 2145 1072 2174 mobilia
1086 2147 1125 2173 ad
1135 2155 1183 2175 or-

437 2190 573 2216 namenta
589 2188 692 2216 divina
707 2189 829 2217 minime
842 2190 1031 2224 pertinentia,
1039 2193 1186 2226 perpetuo*

437 2233 514 2266 iure,
539 2234 666 2269 eaeceptz‘s
689 2234 846 2263 dumtaaeat
864 2235 916 2263 sub
928 2237 1067 2271 praefata
1081 2237 1182 2263 condi-

438 2277 514 2305 tione
539 2279 682 2314 domibus,
706 2280 841 2307 alienare
864 2281 1027 2315 tentaverit,
1048 2282 1181 2316 donator,

438 2322 582 2350 alienator
608 2331 642 2349 ac
668 2324 802 2352 venditor
826 2325 943 2354 honoris
964 2326 1011 2354 sui
1032 2327 1184 2355 amissione

438 2367 594 2394 mulctetur
604 2377 630 2394 ».

473 2411 491 2438 3
505 2410 543 2438 Ex
558 2411 620 2439 eod.
638 2411 714 2439 Rom.
731 2411 833 2440 Concil.
850 2421 907 2449 cap.
925 2420 972 2442 vti.

473 2456 488 2483 4
506 2456 652 2492 Perperam
667 2458 768 2485 Baron.
791 2459 840 2486 itto
861 2467 915 2495 quo
934 2460 1030 2488 iratus
1051 2461 1128 2489 Deus
1148 2469 1181 2488 α-

438 2501 520 2529 nimo
530 2502 708 2537 percutitur.

474 2546 490 2572 5
510 2545 604 2574 Baron.
628 2545 680 2582 leg.
709 2547 743 2582 α(
751 2549 861 2576 statuta
873 2556 967 2584 poena
982 2551 1181 2579 conturbernio

438 2592 568 2625 servata)
580 2600 606 2625 »3
623 2595 650 2619 et
664 2592 697 2619 ad
713 2600 799 2628 marg.
821 2596 897 2621 notat
916 2595 1180 2624 conturbernatium

440 2643 488 2669 pro
503 2636 700 2664 contubernio.

967 226 1122 251 APPEme
1147 225 1294 252 BULLAnss
1318 227 1437 253 nomm

1991 231 2045 259 An.
2065 231 2094 260 C.
2109 226 2161 263 535Δ
2228 256 2229 259 ,

1220 275 1407 310 clesiasticis
1415 275 1561 321 personIS
1575 286 1686 310 vocem
1696 279 1962 314 contradictionis
1977 294 2161 319 fiane,irrua·112.
2194 286 2198 290 ”

1220 330 1351 372 afferre,
1380 336 1411 364 et
1441 330 1657 365 ecelesiastica
1681 333 1872 367 auctoritate
1899 335 1961 367 sul-

1220 384 1276 418 ciri
1285 396 1292 426 ;
1316 384 1360 418 ita
1384 390 1420 418 ut
1442 395 1516 418 cum
1539 385 1697 419 fructibus
1714 386 1838 429 possint
1857 387 1963 421 data¹⁰

1220 449 1406 483 reposcere3
1431 449 1491 472 nec
1521 438 1631 483 aliquo
1655 449 1689 473 se
1713 445 1787 473 ante
1818 440 1961 474 tribunal

1220 492 1335 527 Christi
1349 492 1516 526 obstaculo
1539 493 1672 534 muniat,
1696 493 1751 537 qui
1769 503 1787 526 a
1802 493 1963 536 religiosis

1219 546 1391 579 animabus
1416 547 1455 580 ad
1476 546 1689 579 substantiam
1707 557 1889 591 pauperum
1906 546 1962 580 de-

1220 599 1332 632 relicta
1344 604 1456 633 eontra
1473 599 1518 633 sas
1535 599 1604 633 sine
1618 599 1726 644 aliqua
1742 600 1870 645 pietatis
1883 610 1961 634 con-

1219 651 1415 686 sideratione
1437 652 1604 697 dispergit.

1439 839 1625 875 EPISTOLA
1656 840 1696 874 111
1705 839 1737 875 ¹¹.

1220 947 1384 990 Gaudetis,
1404 947 1491 992 quod
1503 948 1659 992 Africani
1671 948 1813 992 episcopi
1829 947 1868 982 ab
1888 949 1963 982 hae-

1261 1002 1439 1034 reticorum
1466 1002 1621 1035 manibus
1647 1002 1825 1035 incolumes
1856 1013 1963 1036 evase-

1260 1057 1341 1097 rint,
1370 1067 1480 1090 eorum
1504 1057 1798 1090 consultationibus
1814 1058 1960 1101 reponit,

1261 1120 1319 1142 nec
1346 1110 1489 1142 Arianos
1519 1110 1682 1143 antistites
1712 1110 1756 1142 ad
1786 1109 1885 1152 fidem
1907 1120 1961 1143 re-

1262 1163 1396 1196 deuntes
1408 1164 1446 1196 in
1458 1163 1600 1206 officium
1612 1174 1721 1205 suum,
1738 1174 1796 1197 nec
1808 1164 1964 1198 clericum

1259 1217 1473 1260 peregrinum
1496 1217 1567 1250 sine
1593 1217 1815 1261 episcoporum
1845 1217 1965 1251 litteris

1263 1280 1327 1303 esse
1339 1281 1360 1303 a
1371 1270 1472 1303 Ponti
1474 1270 1531 1313 fiee
1543 1271 1690 1304 Romano
1705 1270 1960 1314 suscipiendum.

1218 1368 1371 1403 Agapetus
1396 1367 1557 1402 Episcopus
1584 1368 1744 1403 Repente,
1767 1368 1966 1397 Florentinia-

1254 1428 1292 1449 no
1303 1421 1331 1441 12
1350 1421 1477 1449 Datiano
1492 1420 1526 1457 13,
1548 1424 1578 1450 et
1598 1421 1726 1450 caeteris
1742 1422 1893 1457 Episcopis
1911 1420 1968 1456 per'

1254 1475 1383 1504 Africam
1399 1475 1591 1504 constitutis.

1263 1567 1330 1601 Iam
1355 1567 1479 1601 dudum
1504 1567 1635 1612 quidem
1649 1595 1656 1609 ‚
1679 1567 1794 1601 fratres
1811 1567 1965 1601 amantis-

1219 1620 1303 1662 simi,
1321 1621 1361 1655 de
1381 1621 1653 1665 prosperitatibus
1673 1621 1784 1654 vestris
1803 1621 1964 1665 repletum

1219 1679 1264 1708 est
1287 1674 1410 1718 qaudio
1431 1685 1463 1708 os
1483 1679 1643 1715 nostrum,
1667 1678 1695 1707 et
1717 1674 1835 1718 linqua
1850 1678 1964 1707 nostra

1218 1726 1465 1761 eoeultatione¹⁴.
1489 1728 1551 1762 Sed
1572 1733 1602 1761 et
1622 1738 1724 1769 nunc,
1747 1738 1820 1761 cum
1838 1727 1963 1762 litteras

1254 1881 1270 1908 6
1289 1892 1301 1906 «
1316 1881 1351 1908 In
1366 1881 1529 1909 alienatore
1544 1891 1556 1906 »
1575 1880 1641 1908 ibid.
1660 1883 1687 1908 et
1702 1880 1798 1908 Baron.
1814 1880 1847 1908 ad
1863 1888 1961 1917 marg.;

1218 1928 1245 1952 et
1258 1925 1338 1961 paulo
1353 1930 1415 1961 post
1430 1926 1585 1954 alienator.

1254 1970 1268 1997 7
1286 1979 1297 1996 (ι
1311 1970 1379 1998 Nisi
1401 1971 1474 2005 forte
1487 1973 1514 1998 et
1528 1970 1676 1998 alienator
1689 1970 1747 1998 sibi
1759 1970 1830 1998 dum
1844 1970 1960 2006 repetit,

1217 2017 1244 2042 et
1262 2015 1313 2050 qui
1336 2016 1479 2051 acceperit
1498 2016 1584 2044 ceteri
1604 2016 1790 2044 restitutione
1801 2023 1960 2051 prospexe-

1217 2059 1283 2088 rit»
1301 2059 1368 2087 ibid.

1251 2104 1268 2132 8
1292 2104 1356 2132 «Ex
1372 2105 1466 2133 eodem
1484 2105 1561 2133 Rom.
1576 2105 1677 2133 Concil.
1694 2113 1754 2141 cap.
1769 2111 1816 2133 vm
1831 2114 1844 2132 ›
1860 2105 1960 2133 Baron.

1251 2150 1268 2177 9
1285 2158 1298 2175 <t
1310 2149 1345 2177 Si
1358 2150 1430 2184 quid
1443 2153 1612 2185 conceptum
1627 2151 1718 2185 fuerit
1730 2150 1928 2179 documentum
1944 2160 1958 2176 »

1216 2194 1283 2221 ibid.
1300 2209 1333 2213 -
1353 2194 1451 2222 Baron.
1476 2195 1542 2230 legit
1568 2195 1595 2223 si
1623 2204 1682 2230 qua
1709 2198 1846 2230 corrupta
1872 2195 1962 2230 suerit

1216 2239 1382 2273 seriptura3
1399 2247 1554 2274 perperam,
1572 2242 1601 2266 ut
1616 2242 1698 2274 patet.

1253 2282 1287 2310 10
1304 2283 1484 2311 «Alienata»
1503 2283 1570 2311 ibid.
1587 2287 1613 2311 et
1627 2292 1671 2319 ap.
1689 2283 1787 2311 Baron.

1253 2328 1281 2354 11
1299 2327 1337 2354 Ex
1351 2327 1438 2354 Labb.
1456 2328 1564 2356 Concil.
1576 2329 1686 2356 collect.
1703 2331 1769 2356 tom.
1785 2336 1813 2362 v,
1829 2328 1880 2356 col.
1897 2328 1960 2356 939.

1216 2375 1243 2399 et
1257 2380 1288 2399 ex
1304 2371 1403 2400 Baron.
1422 2372 1455 2400 ad
1470 2381 1514 2400 an.
1530 2372 1584 2401 535
1598 2381 1625 2400 n.
1638 2381 1737 2400 xxxvn.
1754 2373 1829 2400 Hanc
1844 2373 1922 2409 epist.
1933 2375 1961 2400 et

1215 2424 1292 2452 seqq.
1305 2416 1378 2452 prius
1394 2417 1479 2444 edidit
1494 2417 1589 2445 Carasa
1599 2420 1664 2444 tom.
1677 2425 1697 2452 1,
1709 2425 1770 2453 pag.
1782 2417 1835 2444 582
1845 2421 1873 2444 et.
1882 2425 1958 2452 seqq.

1252 2462 1285 2488 12
1313 2461 1411 2489 Baron.
1437 2462 1646 2494 Ftorentiano;
1673 2461 1720 2489 sed
1749 2461 1835 2490 Caraf.
1846 2483 1855 2497 ,
1880 2461 1958 2488 Cont.

1215 2505 1309 2532 Const.
1325 2514 1390 2533 mss.
1407 2509 1435 2533 et
1449 2514 1496 2533 nn.
1519 2506 1599 2533 codd.
1620 2506 1685 2533 4961
1709 2510 1736 2534 et
1753 2505 1826 2534 3786
1844 2513 1872 2533 n.
1893 2505 1957 2533 lect.

1216 2549 1376 2577 adhaerent.

1224 2610 1236 2617 κ
1253 2595 1284 2622 13
1300 2594 1329 2621 ln
1345 2595 1391 2623 cit.
1407 2595 1486 2623 codd.
1502 2595 1580 2624 deest
1598 2595 1735 2624 Datiano.

1252 2639 1284 2666 tlt
1300 2639 1342 2668 Ps.
1361 2647 1440 2676 cxxv,
1452 2640 1478 2668 2.

1978 322 2075 343 beantur.

2033 1572 2064 1594 De
2079 1573 2162 1595 illorum

1979 1599 2057 1625 gaudet
2082 1599 2162 1622 incolu-
2200 1623 2204 1628 ,

1977 1626 2060 1648 mitaze.
