2244 3183
85 225 136 253 An.
152 225 180 253 C.
196 225 249 253 449

124 283 165 303 Cur
180 282 206 303 de
221 283 268 303 eius

82 310 222 336 perversitate
229 309 270 335 pri—

83 342 117 357 mo
137 336 270 362 quaestionis

85 363 145 384 initio
153 362 269 384 dubitaret.

111 653 162 674 Eius
174 653 270 680 hypocri-

85 681 114 701 sis
129 681 254 702 execranda.

112 919 213 946 Ephesint
221 925 270 940 con-

85 946 128 967 citii
136 952 191 973 quae
198 952 273 967 causa.

116 1337 274 1358 Adflmianum

90 1370 127 1390 put·
146 1365 226 1390 legatus
248 1365 273 1384 de

89 1391 194 1412 domimi-a
206 1391 274 1411 lnt'ar-

89 1417 175 1437 natione
211 1417 273 1437 datae

88 1443 180 1464 titterae.

112 1829 188 1850 Leonis
199 1830 218 1849 in
235 1829 274 1849 Eu-

91 1856 166 1902 tiyachen
185 1856 274 1876 clemen-

936 228 962 251 S.
986 228 1048 251 LEO
1069 229 1078 251 Ι
1099 229 1149 252 PP.

284 277 343 311 Diu
367 275 451 320 apud
476 286 535 309 nos
559 276 714 310 incertum
739 275 796 310 suit
815 276 892 320 quid
910 277 942 309 in
958 277 1026 320 ipso

285 330 450 364 catholicis
475 330 676 374 displiceret:
700 336 728 363 et
754 340 827 363 cum
846 329 952 362 fratris
969 340 1026 362 no-

285 384 341 417 stri
365 383 506 417 Flaviani
532 384 635 417 nullas
660 383 782 417 litteras
807 393 1022 423 sumeremus,

284 437 351 480 ipse
388 444 495 472 autem
534 437 659 481 scriptis
701 437 766 470 suis
802 436 1024 469 Nestorianam

283 491 441 526 haeresim
483 492 678 535 repullulare
714 496 925 534 quereretur,
961 500 1043 523 non

284 546 375 589 plene
399 545 564 588 potuimus
588 545 708 578 discere
729 544 814 578 unde
839 544 1027 587 procederet

285 599 332 633 vel
359 610 422 642 quo
448 599 593 633 tenderet
619 605 682 632 tam
708 598 819 632 dolosa
844 598 986 631 causatio
1003 598 1022 630 ¹.

285 651 346 685 Sed
363 658 531 696 postquam
549 657 712 696 gestorum
729 651 767 685 ad
786 662 843 685 nos
861 652 1027 695 episcopa-

285 705 363 739 lium
384 706 574 739 documenta
590 707 710 750 perlata
724 712 810 745 sunt,
832 705 940 739 onmia
961 705 1025 745 illa,

285 769 366 804 quae
378 759 538 793 fallacium
553 760 756 803 querelarum
772 759 928 793 velamine
944 766 1028 803 tege-

285 813 412 853 bantur,
425 823 521 856 quam
533 819 634 846 essent
647 812 833 846 detestanda
846 818 1026 856 patuerunt.

328 867 366 899 Et
387 867 461 910 quia
483 866 757 900 clementissimus
779 867 955 909 imperator
971 877 1027 910 pro

285 919 504 953 benevolentia
539 931 576 953 ac
611 920 730 963 pietate
764 920 860 953 animi
900 920 949 953 sui
989 919 1028 952 de

284 978 367 1006 statu
391 973 497 1013 huius,
515 974 568 1018 qui
589 979 662 1007 ante
682 968 880 1007 honorabilis
900 974 1028 1006 videba-

285 1032 351 1067 tur,
379 1026 563 1071 diligentius
584 1028 683 1061 voluit
702 1027 850 1068 iudicari,
871 1034 966 1071 atque
988 1029 1028 1062 ob

285 1079 346 1113 hoc
370 1079 576 1114 indicendum
597 1081 731 1114 credidit
750 1082 933 1125 episcopale
954 1093 1028 1115 con-

286 1133 407 1173 cilium,
434 1144 490 1177 per
513 1134 625 1168 fratres
646 1140 772 1168 nostros
797 1135 914 1168 lulium
932 1134 942 1150 ²
963 1134 1011 1179 epi

287 1197 420 1230 scopum
438 1193 469 1220 et
486 1187 642 1221 Renatum
665 1188 899 1231 presbyterum,
923 1188 976 1221 sed
998 1194 1026 1221 et

289 1239 389 1273 filium
417 1251 523 1274 meum
556 1241 726 1274 Diaeonem
753 1242 895 1274 llilarum
912 1269 919 1281 ,
948 1253 1028 1285 quos

288 1304 323 1326 ex
348 1294 446 1326 latere
464 1304 534 1327 meo
553 1294 618 1327 vice
640 1305 709 1327 mea
728 1294 814 1333 misi,
835 1296 872 1327 ad
898 1296 1027 1328 fratrem

290 1353 435 1380 nostrum
461 1347 646 1380 Flavianum
662 1347 854 1381 sufficientia
872 1359 929 1391 pro
945 1359 1030 1391 qua—

290 1399 378 1432 litate
413 1410 526 1433 causae
557 1401 672 1444 scripta
697 1401 818 1441 direxi,
853 1401 972 1444 quilius
1001 1408 1028 1434 et

288 1458 391 1485 vestra
416 1452 547 1486 dilectio
573 1459 603 1486 et
628 1453 768 1486 Ecclesia
793 1454 939 1487 universa
971 1465 1027 1487 co-

287 1506 466 1548 gnoscatde
478 1506 609 1549 antiqua
624 1512 654 1540 et
670 1506 823 1550 singulari
840 1507 911 1547 tide,
933 1518 1029 1551 quam

287 1559 436 1593 indoctus
461 1560 665 1604 impugnator
689 1561 829 1600 incessit,
853 1560 928 1604 qnid
955 1561 1031 1593 divi-

287 1612 374 1646 nitus
398 1613 552 1646 traditum
579 1619 797 1654 teneatn11S‚et
812 1614 889 1657 quid
910 1615 1030 1647 incom—

288 1667 485 1701 mutabiliter
507 1667 518 1683 ⁸
542 1668 771 1712 praedicemus,
808 1668 884 1707 Quia
923 1674 1029 1702 tamen

288 1731 351 1754 non
376 1720 531 1755 debemus
556 1727 660 1765 partes
691 1722 907 1755 miserationis
939 1723 1031 1756 omit<

290 1780 368 1814 tere,
391 1784 568 1818 congruere
586 1776 798 1809 moderationi
815 1776 1011 1809 credidimus
1021 1776 1029 1792 ‘¹

289 1827 490 1860 sacerdotum
503 1828 524 1868 ⁵,
540 1834 587 1868 ut,
602 1828 626 1860 si
642 1829 874 1862 condemnatus
890 1830 1027 1874 presby-

290 1884 338 1913 ter
360 1879 453 1923 plena
476 1881 688 1914 satisfactione
705 1882 885 1925 corrigitur,
905 1889 1031 1916 senten-

291 1932 345 1974 tia,
373 1944 434 1977 qua
459 1934 630 1967 obstrictus
647 1941 704 1976 est,
727 1936 895 1977 relaxetur;
915 1937 939 1970 si
959 1947 1030 1970 vcro

292 1986 322 2019 in
347 1987 458 2020 eodem
484 1987 682 2032 insipientiae
719 2000 793 2022 suae
827 1989 893 2022 luto
926 1990 1029 2024 iacere

328 2103 339 2129 1
361 2102 455 2129 «Male
468 2103 553 2130 Grim.
570 2103 631 2130 cod.
652 2105 826 2132 accusation.
843 2104 991 2132 (laeetani.
1005 2114 1028 2132 c.

325 2147 342 2174 2
361 2157 373 2172 <t
389 2147 431 2174 ΑΙ.
453 2148 602 2175 Iulianum
612 2157 635 2175 ».
653 2148 779 2176 Ballerin.
796 2150 814 2176 l.
837 2158 861 2176 c.

326 2191 342 2218 3
359 2201 369 2218 α
388 2192 454 2219 Cod.
471 2193 577 2228 Ratisp.
598 2194 823 2222 immutabiliter
836 2206 862 2221 n.
882 2195 950 2222 Ball.
968 2196 985 2223 l.
1005 2204 1027 2222 e.

327 2237 342 2262 4
364 2246 375 2262 α
397 2236 436 2263 Id.
458 2237 518 2264 cod.
534 2238 678 2265 credimus
695 2248 719 2265 ›>.
737 2238 860 2266 Ballcrin.
882 2239 947 2266 ibid.

325 2283 342 2309 5
356 2281 465 2316 Vulgat.
481 2285 545 2309 ante
560 2283 698 2314 Quesnell.
714 2283 787 2311 hunc
803 2284 892 2311 locum
905 2285 941 2312 ita
958 2284 1031 2311 exhi-

291 2326 365 2359 bent,
382 2335 511 2362 conyrua
533 2328 732 2355 vitoderalt'one
752 2329 931 2356 credidimus
961 2339 1029 2356 san-

291 2372 437 2405 ciendum
461 2380 542 2407 quam
569 2373 714 2400 lectionem
744 2373 861 2400 Cacciar.
892 2382 952 2410 pag.
985 2374 1031 2401 157

291 2416 411 2444 retinuit.

326 2461 342 2488 6
362 2461 480 2489 Caceiar.
498 2462 515 2489 l.
537 2471 560 2489 c.
577 2463 701 2490 Asterie.

327 2506 342 2532 7
363 2506 400 2532 Ex
423 2507 488 2534 edit.
518 2506 644 2534 Ballerin.
668 2508 738 2542 Opp.
761 2508 790 2535 S.
813 2508 911 2536 Leonis
931 2511 997 2535 tom.
1015 2515 1032 2541 1,

292 2550 343 2578 col.
360 2551 421 2579 875.

328 2594 343 2621 8
360 2604 372 2621 α
390 2595 428 2622 Λ1.
448 2604 504 2631 per
523 2604 567 2624 eos
592 2606 615 2622 r.
640 2596 756 2623 Cacciar.
784 2596 853 2631 Opp.
875 2598 904 2624 S.
932 2597 1035 2624 Leonis

293 2642 361 2674 part.
378 2646 407 2675 11,
423 2648 484 2676 pag,
501 2640 561 2668 132.

410 2693 486 2729 App.
502 2692 582 2722 Ball.
598 2693 683 2722 Rom.
698 2708 729 2714 —-
752 2694 812 2721 Vol.
823 2693 848 2722 I.
977 2694 994 2720 6

1731 217 1766 249 41

1060 276 1232 319 delegerit,
1261 282 1377 310 statuta
1402 282 1628 321 permaneant,
1668 281 1698 309 et
1729 286 1801 309 cum

1060 329 1105 361 eis
1130 329 1245 363 habeat
1270 335 1402 367 sortem,
1432 340 1570 374 quorum
1596 336 1641 363 est
1674 336 1803 363 secutus

1061 393 1214 416 errorem.

1105 436 1182 469 Data
1207 436 1312 469 idibus
1339 437 1429 477 iunii,
1457 437 1583 470 Asturio
1600 437 1610 452 ⁴⁵
1628 443 1656 470 et
1684 437 1803 469 Proto-

1061 499 1140 532 gene
1167 489 1240 521 viris
1261 490 1446 523 clarissimis
1467 490 1664 523 consulibus.

1098 551 1155 578 Dat.
1172 551 1216 579 die
1231 552 1265 579 13
1280 553 1336 579 iun.
1357 561 1400 579 an.
1418 553 1479 580 449.

1836 226 1885 254 An.
1903 227 1932 254 C.
1950 226 1999 253 449

1275 680 1462 713 EDISTOLA
1490 681 1557 713 xlx
1573 680 1593 713 ⁷.

1085 751 1216 784 Iuliano
1240 751 1417 784 rescribens
1442 752 1595 792 Eutychis
1621 752 1777 785 haerew‘m.

1298 797 1401 838 fusius
1426 797 1558 839 refellit.

1204 864 1261 892 Leo
1278 864 1362 892 urhis
1379 865 1485 891 Romae
1501 865 1660 899 episcopus

1134 910 1331 937 dilectissimo
1347 910 1436 937 fratri
1452 910 1569 937 Iuliano
1587 909 1733 944 episcopo.

1611 972 1621 987 Β

1863 1031 1910 1052 flas
1917 1031 1959 1051 inni
1975 1031 2006 1051 tit-

1109 971 1181 1005 CAP.
1206 972 1228 1004 I.
1263 973 1348 1005 Licet
1380 983 1436 1015 per
1461 978 1587 1005 nostros
1625 1001 1632 1013 ‚
1661 983 1741 1015 quos
1766 973 1805 1005 ab

1064 1025 1147 1058 Urbe
1167 1025 1177 1041 ⁹
1194 1035 1249 1069 pro
1264 1025 1339 1059 fidei
1360 1036 1471 1059 caussa
1489 1025 1509 1041 ¹⁰
1527 1025 1710 1066 direximus,
1740 1026 1806 1069 ple·
1822 1059 1925 1078 mmm
1937 1061 2006 1077 Ἥκω

1063 1079 1210 1112 nissimas
1227 1079 1266 1112 {td
1279 1080 1410 1113 Fratrem
1425 1085 1570 1113 nostrum
1586 1080 1603 1096 ¹¹
1622 1080 1806 1113 Flavianum
1821 1072 2013 1131 fflllriwtmn‘oswu-

1063 1133 1182 1166 litteras
1209 1133 1389 1167 miserimus
1415 1139 1525 1166 contra
1550 1133 1667 1166 nimiae
1696 1133 1806 1176 impie-

1064 1187 1135 1219 tatis
1153 1197 1311 1224 errorem3
1332 1193 1451 1226 tamen,
1470 1187 1544 1230 quia
1559 1198 1615 1230 per
1633 1187 1733 1220 silium
1753 1197 1808 1219 no-

1063 1246 1165 1272 strum
1191 1240 1343 1273 Basilium
1362 1241 1533 1273 Diaconcm
1555 1240 1575 1256 ¹⁷²
1592 1241 1710 1283 scripta
1735 1246 1808 1274 tuae

1063 1293 1242 1326 dilectionis
1255 1294 1449 1337 accepimtiS‚
1466 1305 1547 1338 qnae
1561 1295 1697 1327 multum
1715 1294 1808 1327 nobis

1046 1391 1048 1394 .
1066 1347 1212 1380 catholici
1230 1358 1342 1380 sensus
1360 1348 1480 1380 fervore
1496 1349 1696 1390 placuerunt.
1713 1349 1807 1381 etiam

1064 1400 1143 1432 hanc
1170 1400 1333 1443 paginam,
1361 1411 1443 1444 quae
1468 1400 1530 1433 illis
1556 1400 1697 1443 epistolis
1710 1411 1802 1434 ⁸·con-

1065 1459 1204 1494 sonaret‚
1227 1453 1415 1493 adiecimus,
1444 1459 1477 1486 nt
1494 1453 1515 1470 ¹³
1532 1454 1729 1487 unanimiter
1753 1460 1803 1487 at-

1065 1517 1127 1549 que
1141 1512 1326 1540 constanter
1337 1507 1678 1550 his,quiEvangelium
1694 1507 1807 1541 Christi

1065 1570 1271 1602 corrumpere
1289 1559 1434 1603 cupiunt,
1454 1560 1624 1593 resistatis:
1653 1561 1805 1603 quoniam

1066 1612 1171 1646 Sancti
1197 1613 1334 1656 Spiritu:
1360 1614 1390 1645 in
1410 1613 1503 1645 nobis
1524 1618 1617 1656 atque
1637 1613 1667 1645 in
1686 1613 1773 1646 vobis
1788 1613 1807 1628 ¹⁴

1066 1677 1129 1699 una
1169 1673 1215 1701 est
1256 1667 1393 1701 eruditio
1433 1668 1611 1710 eademque
1644 1667 1806 1705 doctrina,

1066 1732 1162 1765 quam
1188 1721 1493 1765 ‹zluicumqimffnon
1512 1721 1638 1765 recipit,
1672 1732 1737 1755 non
1762 1728 1804 1754 est
1823 1723 2007 1770 ca“¹0¹jffuffi*r¹i''22¹'{;

1067 1775 1246 1808 membrum
1277 1776 1419 1819 corporis
1449 1776 1582 1817 Christi3
1617 1787 1674 1809 nec
1705 1782 1806 1821 potest
1824 1777 1916 1801 ¹⁴“‘¹'¹¹*‘*
1945 1782 2008 1796 ''⁴⁰¹¹'‘

1824 1804 1882 1823 hrum
1908 1809 1947 1822 non
1977 1805 2006 1821 est

1066 1840 1103 1862 eo
1128 1829 1229 1873 capite
1254 1829 1395 1871 gloriari,
1416 1830 1446 1862 in
1471 1841 1534 1873 quo
1553 1836 1699 1863 naturam
1717 1841 1807 1863 suam
1824 1829 2008 1855 ¹⁷³⁰‘¹'''¹s⁵⁵⁴*·¹¹s¹²¹*‘

1066 1883 1177 1915 asserit
1202 1893 1267 1915 non
1292 1882 1414 1915 haberi.
1443 1883 1522 1921 Quid
1543 1889 1650 1916 autem
1679 1883 1809 1926 prodest

1064 1935 1359 1979 imprudentissimo
1380 1936 1447 1968 seni
1468 1936 1675 1969 Nestorianae
1700 1937 1810 1969 haere·
1824 1935 2008 1987 Enulgssff¹2j¹231¹fffi

1064 1999 1135 2022 scos
1160 1989 1288 2023 nomine
1313 2000 1425 2023 eorum
1448 1989 1587 2023 lacerare
1612 1989 1805 2033 opinionem,
1824 1984 1870 2009 ‘um'
1883 1989 1945 2009 fidem
1960 1994 2007 2008 ⁰⁰¹¹·

1099 2106 1114 2131 9
1137 2116 1147 2130 ιι
1161 2105 1201 2132 ΑΙ.
1218 2106 1256 2132 ad
1271 2105 1370 2133 urbem
1383 2115 1405 2132 η.
1422 2105 1553 2132 Ballerin.
1571 2105 1587 2132 l.
1602 2114 1625 2132 c.
1644 2104 1806 2140 l‘erperam,

1065 2145 1093 2167 ut.
1107 2141 1222 2168 videtur.

1101 2186 1133 2211 κ)
1154 2195 1165 2209 «
1178 2185 1268 2212 Verba
1285 2193 1339 2220 pro
1350 2186 1415 2219 fidei
1429 2195 1528 2215 caussa
1545 2187 1571 2213 in
1588 2185 1711 2213 nonnuli.
1728 2185 1806 2212 codd.

1065 2220 1256 2247 desiderantur
1275 2232 1300 2247 ».
1320 2221 1446 2248 Ballcrin.
1465 2223 1481 2249 l.
1503 2231 1527 2249 e.

1103 2267 1129 2292 ll
1151 2276 1162 2292 <x
1181 2267 1275 2293 Anter.
1297 2267 1361 2294 edit.
1379 2271 1405 2293 et
1430 2267 1525 2303 pleriq.
1548 2267 1626 2294 codd.
1645 2275 1737 2293 rocem
1758 2274 1807 2291 210-

1065 2305 1159 2330 strum
1179 2303 1342 2329 omittunt».
1364 2303 1492 2329 Ballcrin.
1515 2304 1567 2330 col.
1584 2304 1647 2329 8713.

1103 2344 1133 2369 12
1154 2353 1166 2367 «
1181 2343 1219 2369 Al.
1237 2343 1391 2369 sliat-onum
1406 2353 1429 2370 ³).
1442 2344 1561 2370 Cacciar.
1580 2353 1641 2378 pag.
1663 2344 1721 2370 1:33.

1101 2384 1135 2411 ’13
1152 2393 1164 2409 (ι
1182 2384 1286 2409 Graeca
1303 2383 1391 2410 versio
1403 2384 1446 2409 hic
1463 2383 1536 2409 addit
1550 2393 1603 2418 pro
1624 2384 1742 2411 veritate
1756 2385 1807 2410 hu-

1067 2419 1218 2446 munitatis
1236 2419 1344 2446 Christi
1357 2429 1379 2445 u.
1399 2419 1523 2445 Ballerin.
1538 2419 1554 2445 l.
1577 2428 1600 2446 c.

1104 2459 1137 2486 14
1158 2468 1169 2484 α
1193 2459 1246 2485 Pro
1271 2459 1361 2485 verbis
1385 2460 1413 2485 in
1442 2460 1522 2485 nobis
1548 2462 1633 2493 alque
1662 2459 1691 2485 in
1720 2458 1806 2491 cobis,

1067 2503 1166 2529 graeca
1194 2494 1282 2520 versio
1302 2494 1384 2520 habet
1399 2495 1429 2521 'in
1449 2496 1581 2522 universa
1604 2494 1742 2520 catholica
1759 2494 1808 2521 Ec-

1068 2531 1154 2557 clesia
1172 2539 1196 2556 ›>.
1214 2529 1339 2556 Ballerin.
1361 2529 1378 2555 l.
1401 2538 1425 2556 c.

1105 2571 1137 2597 15
1152 2569 1195 2596 At.
1213 2569 1332 2603 quisque
1348 2572 1394 2595 aut
1414 2569 1556 2603 qzcisqut's,·
1573 2569 1632 2595 cod.
1650 2569 1720 2595 Flor.
1739 2576 1805 2594 nam

1069 2605 1118 2639 qui
1133 2613 1190 2631 non
1207 2605 1414 2639 recepert'lmec
1429 2607 1540 2632 estete.
1560 2603 1616 2630 vid.
1634 2603 1762 2631 Ballerin.
1781 2606 1807 2629 et

1070 2640 1188 2667 Caecinr.
1209 2639 1236 2666 ll.
1255 2648 1294 2665 cc.
