2244 3183
2208 0 2215 8 ι

2152 0 2215 63 «ξιξ

2170 52 2215 77 ’,Ιιι

2184 101 2210 117 *-

254 204 303 231 An.
325 204 353 231 C.
374 204 422 232 154

486 197 549 230 142
970 206 1124 231 aprunum
1150 207 1291 230 Burman
1317 207 1434 231 nomm
1986 208 2036 236 An.
2058 208 2085 235 C.
2101 209 2152 238 454
2179 189 2194 235 Δ.

297 954 353 974 i'nus
374 954 437 974 ntem-

255 988 295 1001 1u==
303 987 337 1007 qui
346 987 364 1000 ιιι
373 981 437 1001 forma

339 1010 438 1032 operatus

256 1037 287 1053 cst
297 1034 403 1056 init-arula,
413 1039 439 1053 ac

255 1067 290 1086 qui
299 1068 316 1080 ιιι
326 1060 388 1080 turma
396 1066 439 1079 ser-

256 1093 274 1106 ιι
285 1087 348 1107 subiit
357 1086 438 1112 passio-

256 1119 309 1134 nem.

293 1807 348 1827 Vera
364 1807 441 1827 Christi

258 1834 367 1859 generatio
382 1840 405 1854 ex
421 1839 442 1854 e-

258 1866 289 1880 lUS
310 1866 358 1880 ΥΘΓᾶ
379 1866 441 1881 Prtlsse

257 1886 398 1908 vonfirmaiur.

452 255 483 288 in
502 266 564 298 qua
584 255 726 288 salutifer
746 254 910 288 davidicae
930 254 1061 296 virginis
1080 260 1189 298 partus

453 309 574 348 illuxit,
609 318 705 352 quem
742 308 920 341 involutum
957 308 1071 351 pannis
1107 307 1189 340 inter

451 361 612 403 angustias
643 361 814 393 diversorii
843 371 998 404 praesepe
1036 361 1184 405 suscepit.

453 414 544 457 Apud
559 419 587 446 te
601 419 648 446 est
665 414 826 446 declarata
841 413 880 446 ab
897 414 1039 455 Angelis,
1056 414 1189 448 adorata

452 478 469 500 a
487 467 592 509 Magis,
610 472 639 500 et
656 477 714 510 per
727 467 903 501 inultorum
921 467 1091 501 infantium
1106 477 1190 500 mor-

452 527 497 554 tcs
510 521 549 553 ab
562 521 688 554 Herode
700 521 843 565 quaesita
860 522 909 554 Sal
917 521 1031 555 vatoris
1042 521 1202 559 infamias

452 574 544 617 Apud
571 580 599 607 te
617 579 673 615 est,
698 574 750 607 ubi
776 575 914 618 pueritia
939 575 1007 608 eius
1037 574 1186 614 adolevit,

451 627 505 659 ubi
537 627 754 661 adolescentia
779 628 958 669 maturavit,
991 633 1021 661 et
1039 623 1119 671 pers
1136 627 1181 660 in-

452 685 613 713 crementa
645 691 800 725 corporea
820 680 851 713 in
880 681 982 713 virum
1011 681 1189 724 perfectum

452 733 517 766 veri
543 733 683 766 hominis
715 738 829 766 natura
870 733 1003 777 profecit
1034 743 1098 766 non
1123 732 1191 766 sine

453 786 524 819 cibo
544 786 727 819 esuritionis
737 785 758 827 ²,
775 796 839 819 non
853 786 920 819 sine
933 796 1047 819 somno
1061 785 1187 829 quictis,

453 849 518 872 non
538 839 606 872 sinc
627 840 703 873 ssetu
724 839 950 879 miserationis,
972 850 1031 872 nec
1044 838 1112 872 sine
1128 849 1187 882 pa-

452 903 528 926 vore
556 892 754 925 formidinis:
776 904 858 925 unus
883 893 967 925 enim
989 898 1085 936 atque
1105 892 1190 925 idem

454 951 510 987 est,
535 946 590 990 qui
612 952 642 980 ct
662 946 693 978 in
706 945 761 980 Dei
780 947 883 979 sorma
901 951 1053 990 operatus
1073 951 1120 979 est
1133 945 1191 978 rni-

455 1001 563 1033 racula
583 1011 699 1043 magna
719 1001 858 1041 virtutis,
882 1006 912 1033 et
936 1000 969 1032 in
990 1001 1093 1033 forma
1110 999 1191 1032 servi

454 1053 552 1087 subiit
570 1054 734 1087 saevitiam
747 1054 759 1069 ⁸
778 1053 945 1098 passionis.
969 1054 1035 1086 Hoc
1050 1053 1105 1086 tibi
1124 1052 1192 1096 ipsa

455 1118 531 1139 crux
567 1107 786 1141 indesinenter
817 1107 984 1150 loquitur·‚
1019 1107 1080 1139 hoc
1111 1106 1192 1150 lapis

454 1161 569 1193 clamat
589 1161 740 1204 sepulcri,
756 1161 787 1193 in
800 1170 864 1205 quo
878 1160 1032 1193 Dominus
1052 1160 1193 1192 humana

454 1213 638 1247 conditione
674 1214 782 1254 iacuit,
806 1219 836 1246 et
857 1214 896 1246 de
917 1224 981 1256 quo
1003 1213 1110 1246 divina
1134 1223 1192 1256 po-

455 1267 551 1299 tentia
571 1266 753 1299 resurrexit.
771 1267 807 1299 Et
827 1276 899 1299 cum
918 1266 956 1299 ad
971 1271 1114 1299 montem
1130 1265 1193 1299 Oli-

453 1320 514 1353 veti
552 1321 659 1353 locum
687 1319 885 1353 ascensionis
909 1325 1120 1352 veneraturus
1142 1329 1194 1352 ac-

454 1373 551 1413 cedis,
573 1383 681 1406 nonne
701 1373 755 1405 iila
773 1383 833 1406 vox
853 1372 998 1415 angelica
1016 1372 1047 1405 in
1068 1378 1122 1405 tuo
1144 1383 1193 1405 re-

454 1427 550 1460 sultat
582 1426 708 1467 auditu,
743 1437 806 1470 qua
827 1426 1038 1460 elevationem
1066 1425 1193 1459 Domini

454 1480 657 1523 stupentibus
682 1479 815 1513 dicitur:
845 1480 915 1512 Viri
936 1479 1090 1519 Galilaei,
1114 1479 1195 1523 quid

454 1533 549 1565 statis
568 1533 757 1576 aspicientes
782 1533 818 1566 in
845 1532 995 1565 coelum?
1015 1533 1077 1565 Hic
1090 1533 1191 1572 Iesus,

455 1585 514 1628 qui
541 1589 727 1629 assumptus
752 1589 795 1618 est
816 1596 836 1618 a
859 1585 946 1617 vobis
972 1585 1007 1617 in
1035 1584 1158 1617 coelum
1170 1585 1191 1625 ⁴,

455 1639 500 1671 sic
523 1639 637 1679 veniet,
665 1638 939 1682 quemadmodtmt
962 1637 1091 1671 vidistis
1122 1648 1195 1670 eum

456 1696 584 1725 euntem
600 1692 637 1725 in
655 1692 819 1725 coelum&

500 1745 572 1778 CAP.
599 1745 650 1778 111.
674 1745 789 1778 Veram
809 1745 907 1787 igitur
926 1744 1042 1778 Christi
1062 1754 1196 1787 genera-

458 1798 578 1832 tionem
590 1810 666 1832 crux
678 1809 752 1832 vera
765 1798 947 1840 confirmat,
964 1798 1116 1843 quoniam
1130 1798 1196 1842 ipse

457 1852 490 1885 in
510 1858 621 1885 nostra
641 1863 738 1886 carne
751 1853 762 1868 ⁶
781 1852 934 1893 nascitur,
958 1852 1014 1896 qui
1035 1852 1067 1885 in
1087 1858 1196 1885 nostra

457 1906 573 1939 carne⁷
592 1905 793 1948 crucifigitur
805 1933 812 1947 ‚
838 1916 931 1950 quae,
954 1905 1044 1939 nullo
1061 1905 1198 1939 interve-

492 2005 503 2030 1
526 2014 537 2027 «
553 2003 590 2030 ΑΙ.
605 2003 668 2030 aad.
682 2011 735 2038 per
749 2003 884 2030 omnia».
902 2002 1025 2042 ssalierin.
1039 2002 1054 2029 1.
1067 2011 1090 2029 c.

491 2049 507 2075 Ξ
531 2059 542 2073 «
569 2048 633 2075 Cod.
655 2048 731 2074 Vind.
752 2051 776 2076 et
791 2048 947 2076 esuritione
961 2058 985 2072 n.
1005 2047 1127 2074 Ballerin.
1147 2048 1195 2074 l.c.

457 2089 524 2116 Sane
539 2097 691 2124 perperam.
707 2088 740 2115 ad
757 2087 885 2115 orationis
897 2090 1064 2114 contextum.

492 2130 507 2156 3
531 2139 543 2153 α
562 2128 624 2156 Cod-
642 2128 741 2163 Ratisp.
765 2128 973 2155 sententiam».
992 2126 1115 2154 Ballerin-
1135 2127 1150 2153 1.
1172 2136 1195 2154 c.

458 2164 552 2191 Melius
566 2164 675 2199 quidem
691 2172 718 2190 n.
736 2164 825 2190 lectio.

492 2204 506 2230 4
525 2213 536 2229 ιι
553 2204 593 2230 Al.
606 2203 697 2230 delent
711 2203 743 2230 in
757 2203 868 2229 caelum
885 2212 906 2227 1>-
919 2201 1044 2229 Ballerin.
1062 2201 1112 2228 col.
1131 2201 1194 2229 1291

457 2246 485 2271 et
497 2243 615 2270 Cacciar.
628 2251 689 2279 pag.
705 2243 766 2270 406.
783 2242 859 2270 Certe
876 2246 969 2270 contra
984 2241 1060 2277 Vulg.
1085 2245 1195 2269 textum.

492 2284 508 2309 5
529 2283 586 2310 Act.
607 2291 626 2318 1,
650 2284 689 2310 11.

492 2324 508 2349 6
531 2334 543 2347 «
559 2323 615 2350 Vat.
633 2323 698 2358 Reg.
714 2325 823 2350 natura
840 2332 864 2348 ιι.
886 2320 1010 2348 Ballerin.
1027 2320 1044 2347 l.
1066 2329 1090 2347 c.

493 2363 508 2388 7
527 2371 538 2388 ι
555 2362 668 2393 Quidam
684 2361 764 2389 codd.
785 2361 877 2388 delent
896 2360 939 2386 hic
954 2367 1048 2387 vocem
1070 2366 1156 2386 carne
1171 2370 1195 2384 ».

458 2401 583 2428 Balierin.
598 2401 613 2427 1.
626 2409 649 2428 c.
667 2401 737 2428 Sane
752 2408 903 2437 perperam.
921 2400 954 2426 Et
969 2407 998 2426 re
1014 2398 1124 2434 quidem
1137 2407 1198 2427 vera

459 2441 542 2477 antiq.
560 2449 629 2468 vers.
646 2441 698 2476 leg.
719 2442 794 2467 επειδη
814 2451 825 2465 ο
845 2450 913 2469 αυτσς
938 2449 960 2463 εν
980 2449 1012 2464 τω
1029 2447 1133 2473 ημετερω
1146 2449 1197 2464 τικ-

458 2492 523 2507 τιῗαι
538 2491 638 2514 σωματί,
657 2492 667 2505 0
683 2491 704 2505 ΕῚ
720 2491 747 2507 ΤῚ)
762 2490 828 2514 σαρκί
845 2490 873 2507 τη
887 2489 988 2514 ’ἢμετξρα
1005 2488 1180 2512 σταυρθυμίνος,

494 2523 510 2549 8
529 2531 541 2546 «
561 2521 599 2547 At.
619 2521 780 2548 humani».
797 2520 919 2548 Balleriu.
940 2519 956 2546 1.
972 2527 994 2546 c-

494 2566 511 2592 9
523 2565 619 2593 Matth.
636 2572 654 2598 1,
673 2567 697 2592 1.
718 2565 778 2591 Vet.
793 2564 865 2599 vulg.
886 2568 912 2592 et
931 2563 1040 2599 quidam
1057 2562 1134 2591 codd.
1156 2562 1200 2590 hic

461 2604 572 2633 addunt:
588 2608 613 2634 ec
632 2605 684 2640 qui
698 2604 906 2632 Samaritanae
920 2604 1042 2633 mulieri
1054 2605 1199 2639 protesta-

1223 254 1330 287 niente
1344 259 1486 298 peccato,
1504 254 1563 287 nisi
1578 254 1687 287 suisset
1705 255 1805 288 nostri
1819 256 1956 297 generis,

1223 319 1286 342 non
1306 308 1462 352 potuisset
1482 318 1549 342 esse
1570 308 1724 342 mortalis.
1741 309 1780 341 Ut
1790 314 1895 342 autem
1912 320 1960 342 re-

1223 367 1349 404 pararet
1368 361 1512 394 omnium
1533 361 1641 401 vitam,
1664 361 1785 404 recepit
1815 362 1961 395 omnium

1223 424 1361 453 causamn
1381 424 1417 446 ac
1437 414 1499 446 vim
1515 413 1628 446 veteris
1641 413 1856 458 chirographi,
1874 415 1961 458 quod

1222 467 1308 500 solus
1322 467 1405 499 inter
1425 477 1537 499 omnes
1557 477 1622 499 non
1643 467 1764 507 debuit,
1779 477 1838 511 pro
1856 467 1961 500 omni-

1224 521 1282 553 bus
1295 520 1449 553 solvendo
1469 520 1629 553 vacuavit:
1651 526 1685 553 ut
1705 521 1854 564 sicutper
1867 521 1962 554 unius

1225 578 1347 606 reatum
1374 583 1486 606 omnes
1507 573 1580 607 sacti
1615 574 1740 607 fuerant
1763 579 1959 618 peccatores,

1224 627 1266 660 ita
1286 637 1344 670 per
1364 627 1457 660 unius
1478 627 1695 660 innocentiam
1717 638 1829 661 omnes
1849 628 1964 662 fierent

1225 679 1430 719 innocentes;
1466 679 1539 713 inde
1571 680 1602 712 in
1636 680 1783 714 homines
1814 686 1963 714 manante

1225 733 1354 774 iustitia,
1369 734 1423 766 uhi
1444 734 1585 767 humana
1605 740 1652 767 est
1671 740 1818 778 suscepta
1835 740 1959 768 natura.

1225 787 1316 820 Nulla
1336 787 1420 820 enim
1440 787 1563 820 ratione
1581 793 1668 820 extra
1687 788 1788 821 nostri
1801 789 1811 805 ⁸
1830 794 1877 821 est
1893 798 1964 822 cor-

1225 840 1311 884 poris
1328 841 1504 882 veritatem,
1529 842 1567 874 de
1581 852 1644 885 quo
1657 842 1857 884 Evangelista
1873 852 1964 886 prae-

1225 893 1418 927 dicationem
1445 894 1600 928 inchoans
1620 894 1716 928 dicit:
1745 895 1842 928 Liber
1865 906 1962 938 yene-

1225 948 1364 980 rationis
1394 949 1468 981 Iesu.
1504 948 1627 981 Christe?
1660 948 1726 990 filia·
1757 948 1873 989 David,
1899 948 1966 991 filii

1225 1000 1396 1033 Abraham
1410 1001 1440 1033 ⁹:
1465 1001 1549 1034 beati
1570 1001 1659 1034 Pauli
1689 1001 1824 1045 apostoli
1845 1011 1963 1034 conso-

1226 1059 1321 1086 nante
1342 1053 1499 1093 doctrina‚
1523 1065 1595 1087 cum
1617 1054 1714 1087 dicit:
1741 1055 1885 1094 Quorum
1905 1065 1966 1098 pa-

1228 1111 1302 1146 tres,
1338 1111 1366 1139 et
1398 1117 1436 1139 er
1466 1107 1585 1150 quibus
1607 1108 1755 1141 Christus
1788 1107 1966 1140 secuudum

1227 1170 1367 1197 carnem,
1391 1161 1450 1203 qui
1470 1164 1513 1191 es!
1533 1161 1751 1203 superomnia
1772 1161 1856 1193 Deus
1877 1160 1966 1193 bene-

1226 1214 1331 1246 dictus
1362 1214 1398 1245 z'n
1429 1213 1558 1245 saecuta
1569 1212 1602 1246 ¹⁰.
1632 1214 1775 1257 Itemque
1802 1214 1841 1246 ad
1861 1213 1967 1247 Timo-

1228 1267 1355 1300 theum:
1379 1267 1548 1307 Memento,
1578 1267 1692 1311 inquit,
1721 1268 1830 1300 Iesum
1864 1268 1963 1301 Chri-

1227 1324 1314 1353 stum
1333 1320 1547 1353 rcsurreaeisse
1573 1331 1593 1353 a
1613 1321 1762 1361 mortuis,
1779 1330 1817 1353 ecc
1847 1321 1968 1354 semine

1228 1373 1335 1406 David
1348 1371 1379 1406 ¹¹.

1273 1427 1345 1460 Cap,
1369 1425 1416 1459 IV.
1436 1427 1520 1459 Haec
1539 1431 1646 1459 autem
1664 1426 1780 1460 veritas
1792 1426 1920 1470 quantis
1937 1432 1968 1460 et

1228 1479 1302 1513 novi
1327 1479 1484 1513 etveteris
1508 1480 1701 1513 Testamenti
1722 1479 1966 1514 auctoritatibus

1228 1533 1418 1574 declaretur,
1454 1543 1512 1576 pro
1542 1533 1730 1577 antiquitate
1761 1533 1931 1567 sacerdotii
1946 1532 1968 1550 ¹⁹

1230 1586 1274 1619 tui
1292 1586 1454 1619 evidenter
1473 1586 1629 1629 agnoscis,
1646 1597 1717 1619 cum
1738 1586 1819 1619 fides
1838 1587 1967 1620 Patrum

1229 1644 1260 1672 et
1280 1639 1397 1683 scripta
1414 1649 1486 1672 mea
1506 1640 1545 1672 ad
1565 1645 1694 1673 sanctae
1706 1639 1882 1673 memoriae
1899 1640 1969 1673 Fla-

1230 1693 1357 1725 vianum
1385 1693 1475 1734 data,
1499 1703 1638 1736 quorum
1670 1693 1867 1726 mentionem
1900 1693 1968 1737 ipse

1230 1745 1342 1786 fecisti,
1352 1745 1476 1779 adiecta
1484 1745 1672 1779 universalis
1681 1746 1793 1790 synodi
1803 1745 1970 1779 confirma-

1231 1799 1329 1839 tione⁷
1345 1799 1515 1832 sufficiant.
1530 1799 1620 1832 Unde
1629 1798 1651 1815 ¹³
1667 1799 1852 1843 prospicere
1873 1809 1969 1843 opor-

1231 1857 1275 1885 tet
1295 1851 1500 1886 dilectionem
1515 1857 1614 1893 tuam,
1637 1851 1703 1885 ιιιΜ
1718 1853 1967 1886 eontraredem-

1230 1905 1349 1949 ptionis
1373 1916 1409 1938 ac
1433 1905 1501 1948 spei
1522 1910 1652 1938 nostrae
1671 1904 1834 1938 ineffabile
1860 1915 1968 1939 sacra·

1231 2006 1286 2036 tur⁷
1313 2003 1452 2038 quoniam
1467 2004 1544 2030 salus
1560 2010 1595 2029 em
1616 2002 1733 2030 Iudaeis
1747 2005 1824 2031 est».
1845 2002 1969 2030 Ballerin.

1230 2048 1257 2071 et
1271 2044 1390 2071 Caeciar.
1406 2043 1434 2070 ll.
1455 2051 1494 2070 cc.
1513 2043 1578 2071 Cod.
1604 2043 1663 2070 Vat.
1681 2043 1746 2078 Reg.
1762 2043 1826 2078 legit
1841 2066 1848 2078 ,
1870 2047 1896 2070 et
1920 2045 1972 2078 qui

1231 2085 1264 2111 de
1278 2093 1306 2110 se
1326 2084 1569 2112 Samaritanae...
1586 2083 1659 2114 Quae
1674 2091 1739 2111 sane
1757 2084 1839 2111 verba
1855 2084 1971 2111 caeteris

1231 2124 1320 2150 minus
1339 2131 1459 2150 connexa
1478 2122 1562 2158 antiq.
1582 2122 1671 2150 versio
1685 2131 1738 2150 non
1754 2123 1846 2151 habet.

1267 2165 1299 2191 10
1313 2164 1391 2191 Rom.
1407 2169 1444 2194 ix,
1460 2163 1486 2190 5.

1267 2205 1294 2231 11
1314 2203 1337 2230 11
1352 2203 1420 2230 Tim.
1437 2210 1464 2236 11,
1480 2203 1506 2230 8.
1525 2212 1537 2228 ιι
1554 2202 1620 2230 Heic
1637 2206 1688 2230 vet.
1707 2202 1772 2229 edit.
1789 2202 1908 2230 addunt:
1925 2210 1971 2230 se-

1230 2245 1353 2273 cundum
1368 2252 1490 2272 carnem
1507 2252 1530 2269 ».
1549 2243 1677 2270 Ballerin.
1689 2243 1740 2270 col.
1757 2241 1835 2270 1292.
1851 2242 1970 2270 Cacciar.

1231 2293 1290 2321 pag.
1320 2284 1379 2312 407.
1400 2284 1470 2310 Sane
1490 2286 1585 2310 contra
1612 2286 1675 2310 text.
1703 2282 1760 2317 cit.‚
1781 2282 1827 2309 ubi
1846 2282 1943 2317 legitur
1964 2291 1969 2309 :

1234 2336 1247 2350 «ι
1260 2325 1371 2352 Memor
1383 2326 1438 2351 esto
1462 2323 1623 2350 Dominum
1638 2322 1732 2349 Iesum
1752 2321 1900 2349 Christum
1924 2329 1973 2348 re—

1231 2365 1389 2393 surrexisse
1404 2371 1420 2390 α
1437 2362 1559 2390 mortuis
1574 2370 1610 2388 esc
1628 2361 1734 2389 semine
1750 2360 1855 2395 David,
1870 2368 1970 2388 secun-

1231 2405 1299 2432 dum
1315 2403 1505 2437 Evanyelium
1520 2410 1615 2429 meum
1630 2412 1656 2426 »-

1268 2444 1300 2471 ¹9.
1324 2442 1475 2478 Antiquitas
1499 2442 1642 2469 sacerdotii
1666 2441 1800 2468 Iuvenalis
1825 2439 1970 2476 episcopat.

1232 2483 1350 2518 respicit,
1368 2482 1400 2510 ad
1418 2490 1499 2518 quem
1518 2486 1628 2509 evectus
1642 2481 1730 2508 fuerat
1744 2480 1815 2507 circa
1831 2487 1894 2507 ann.
1910 2479 1970 2506 4⁶24.

1233 2523 1261 2550 V.
1283 2522 1411 2550 Ballerin.
1427 2522 1446 2549 1.
1463 2531 1487 2549 c.

1269 2563 1301 2589 13
1318 2572 1329 2587 ιι
1351 2561 1416 2589 Cod.
1442 2561 1547 2596 Ratisp.
1564 2560 1640 2588 unde
1659 2562 1686 2588 et
1700 2570 1729 2587 ».
1750 2557 1876 2586 Ballerin.
1893 2558 1911 2585 Ι.
1928 2567 1953 2585 c.

1270 2603 1302 2629 14
1321 2612 1333 2626 t(
1348 2601 1414 2630 Cod.
1431 2601 1508 2628 Vind.
1524 2609 1594 2628 ne...
1610 2600 1725 2628 ullus».
1741 2598 1896 2627 Ballerin-l.
1912 2606 1937 2626 c.

2005 587 2031 607 Ut
2045 592 2082 612 per
2097 586 2159 607 unius

1978 615 2058 634 rnatum
2086 618 2159 634 omnes
2179 611 2219 640 A)

1977 641 2106 669 warmunt.⁴
2195 637 2205 667 ,ἦ

1978 671 2016 692 per
2030 671 2091 686 unius
2100 671 2160 687 inno-
2194 671 2204 687 ,ι

1978 693 2069 713 centiam
2089 697 2160 714 omnes
2210 691 2216 710 ὀ

1978 719 2124 740 iustificantur.
2198 720 2202 723 ’

1988 1431 2044 1453 Vera
2051 1431 2127 1453 Christi
2133 1431 2165 1452 ln-

1981 1459 2076 1480 carnatio
2119 1459 2164 1484 plu-

1982 1485 2039 1505 ribus
2054 1490 2164 1511 argumen-

1982 1512 2009 1531 tis
2024 1513 2110 1532 ostensa
2120 1510 2166 1531 uni-

1982 1537 2059 1564 cuique
2078 1537 2166 1559 creden·
2182 1552 2190 1556 .
