2244 3183
70 213 120 241 An.
141 212 170 240 C.
187 212 238 240 449

72 275 118 296 eius
136 274 256 296 modaram-
271 266 457 304 augmento,
476 259 500 293 si
517 259 674 299 membra,
697 268 779 303 quae
796 263 961 302 praesunt,
982 259 1030 291 eti

72 307 105 322 res
145 300 258 331 tranquilla
292 314 298 319 .

72 330 200 349 auctoritate
227 333 257 347 vt-

72 357 128 381 gent.

127 539 257 561 navenntum

73 567 154 587 cunctis
185 567 258 587 suttra-

74 593 113 619 giis
132 593 221 614 electum
239 593 258 614 in

74 620 189 646 episcopati
208 620 259 641 sede

73 646 190 667 confirmat.

96 752 177 774 Etoctto
185 753 259 779 paciti-

74 785 100 800 ca
115 783 135 800 et
147 780 259 801 concordis

75 806 174 832 espa-itu
180 806 258 828 Sancta

125 964 151 986 Ut
166 966 200 986 ille
214 972 260 987 mu—

76 993 121 1013 neri
130 998 168 1013 suo
176 999 261 1019 respon-

76 1019 199 1042 danubem
214 1025 261 1046 pre·

76 1047 143 1066 catur.

120 2027 150 2049 De
166 2027 267 2048 Ravenna

84 2055 188 2076 electione
218 2060 268 2081 gau-

921 210 947 234 S.
968 209 1030 234 LEO

272 324 379 358 vigore
403 314 560 347 excellant
585 312 792 352 auctoritatis,
810 317 839 345 et
856 282 1030 355 tranquil-i

271 367 360 401 litate
380 366 619 400 moderaminis.
644 366 734 404 Quod
761 375 837 409 ergo
850 365 882 397 in
900 365 1010 397 Arela-
1029 343 1031 376 Ι

273 421 411 455 tensium
437 421 581 460 civitate,
609 419 759 454 defuncto
785 425 912 452 sanctae
941 415 1032 461 nie-'k

273 474 395 507 moriae
418 473 552 513 Hilario,
572 473 674 507 virum
697 473 793 506 etiam
818 471 910 505 nobis
934 472 1033 516 pro—¹¹

273 526 381 560 batum
399 554 406 568 ‚
426 528 556 560 fratrem
582 527 778 560 Ravennium
795 553 802 566 ‚
837 524 1014 559 secundum
1031 522 1033 557 ¹
1049 530 1080 558 et
1116 525 1306 558 adiuventur
1338 525 1518 568 praesidio,
1552 531 1582 558 ct
1613 526 1788 558 incitentur

275 580 432 614 desideria
457 580 555 620 cleri,
581 580 813 614 honoratorum
838 585 868 612 et
893 578 1013 622 plebis,

273 633 470 668 unanimiter
494 634 722 674 consecrastis,
758 633 879 666 bonum
904 632 1016 664 frater-

274 688 380 721 nitatis
404 694 525 721 vestrae
549 698 628 731 opus
652 691 761 720 nostro
787 685 905 719 iudicio
922 686 1016 719 robo-

274 752 393 775 ramus.
414 741 494 780 Quia
511 742 518 757 ¹
533 741 723 775 electionem
741 739 907 784 pacificam
921 743 1016 782 atque

275 795 482 835 concordem,
510 795 560 828 cui
585 805 643 829 nec
663 794 776 827 merita
801 803 927 827 morum
959 802 1016 825 nec

274 848 379 882 studia
415 848 532 882 civium
564 848 755 887 defuerunt,
792 845 1017 891 postulationis

275 902 407 946 quidem
428 903 601 942 humanae,
627 902 681 936 sed
703 900 923 946 inspirationis
948 910 1017 932 cre-

276 956 382 989 dimus
392 955 488 989 suisse
501 955 637 989 divinae.
651 956 764 988 Utatur
774 955 891 998 itaque,
906 953 1017 986 fratres

278 1009 457 1049 carissimi,
482 1010 536 1043 Dei
558 1019 692 1042 munere
718 1013 912 1041 memoratus
936 1007 1017 1040 anti-

277 1069 351 1105 stes,
379 1068 410 1097 et
434 1064 609 1097 secundum
636 1062 844 1096 consonantia
872 1061 1016 1094 omnium

277 1117 428 1151 ordinum
463 1123 531 1152 vota
564 1116 641 1161 quid
673 1127 709 1150 ex
734 1115 803 1159 ipso
842 1114 1018 1147 devotionis

278 1176 482 1214 expectetur,
507 1171 682 1214 intelligat:
709 1177 743 1204 ut
772 1169 1018 1214 dispensationis

277 1224 338 1256 sibi
363 1224 504 1259 creditae
528 1224 663 1268 diligens
683 1235 720 1257 ac
738 1229 916 1267 temperans
941 1232 1015 1255 exe-

278 1283 380 1317 cutor,
407 1284 510 1311 vestro
535 1277 716 1311 testimonio
740 1286 804 1309 non
828 1275 969 1314 inferior,
988 1280 1036 1308 et.

278 1336 388 1364 nostro
406 1342 462 1375 per
475 1331 583 1364 onmia
597 1332 701 1364 favore
719 1330 759 1363 sit
783 1329 920 1373 dignior.
936 1329 1019 1362 Deus

278 1394 333 1417 vos
345 1384 522 1417 incolumes
532 1384 700 1423 custodiat,
713 1384 822 1416 fratres
847 1382 1016 1415 carissimi.

322 1436 399 1469 Data
422 1436 784 1470 undecim0'2kalendas
807 1434 1017 1479 septembris,

279 1489 408 1523 Asturio
427 1495 457 1523 et
481 1490 659 1532 Protogene
684 1499 764 1522 coss.

313 1551 374 1578 Dat.
392 1550 435 1578 die
450 1550 484 1577 22
499 1559 559 1586 aug.
575 1559 619 1577 an.
635 1551 697 1577 449.

481 1691 668 1726 EPISTOLA
692 1691 771 1724 XXV
796 1690 816 1723 ³.

324 1773 492 1807 Ravenm'o
518 1774 550 1806 in
578 1773 795 1817 episcopatum
812 1774 975 1814 assumpto

545 1817 745 1860 gyratulcttur.

366 1897 566 1925 Dilectissimo
578 1896 591 1915 4
607 1897 695 1924 fratri
712 1896 863 1925 Ravennio
879 1897 944 1924 Leo.

328 1969 570 2003 provectionem
611 1968 790 2002 dilectionis
819 1973 908 2008 tuae,
939 1978 1021 2012 quae

285 2023 402 2056 summi
428 2022 597 2056 sacerdotii
621 2022 735 2066 adepta
759 2027 805 2055 est
820 2021 1020 2064 dignitatem,

283 2075 325 2109 ita
339 2076 429 2109 nobis
449 2077 574 2120 placere
591 2085 761 2119 cognosce,
780 2080 817 2109 ut
832 2085 897 2108 non
919 2075 1021 2108 solum

317 2184 328 2210 1
349 2192 361 2209 ι
377 2183 418 2210 ΑΙ.
439 2183 527 2218 qui».
550 2182 676 2210 Ballerin.
698 2183 716 2210 l.
734 2191 757 2210 c.

316 2227 333 2254 2
350 2228 469 2255 Cacciar.
490 2228 560 2262 Opp.
582 2228 612 2254 S.
630 2228 731 2255 Leonis
746 2231 815 2262 part.
840 2234 867 2260 11,
886 2235 945 2262 pag.
973 2226 1023 2253 170

282 2269 299 2289 11
321 2263 379 2290 kal.
401 2268 428 2291 et
447 2263 479 2290 ad
500 2271 584 2296 marg.
606 2264 645 2289 al.
662 2270 698 2289 vit
723 2264 781 2290 kal.
802 2263 867 2290 saite
890 2264 907 2290 l.
932 2271 955 2289 c.
978 2270 1023 2289 no-

281 2298 386 2361 ggffum
398 2298 538 2361 ‘cogaeret
552 2298 656 2325 videsis
672 2298 705 2326 (le
721 2298 771 2325 liac
786 2307 815 2326 re
831 2298 956 2325 Ballcrin.
970 2298 1022 2326 col.

335 2356 342 2369 ‚
359 2343 394 2361 no
410 2355 416 2361 .
452 2355 459 2361 .

316 2378 397 2441 ῗιέὲί
412 2379 476 2406 edit·
499 2379 623 2407 B··llerin,
650 2380 719 2414 OI'P·
744 2379 774 2406 S·
796 2379 895 2407 Leonis
916 2382 981 2406 lom.
1003 2384 1021 2413 ι,
1039 2389 1040 2402 t

282 2423 333 2442 co.
369 2434 373 2440 .
405 2435 412 2441 ,

316 2459 332 2486 4
348 2459 463 2486 Caeciar.
490 2459 558 2494 Opp.
582 2460 611 2487 S.
636 2459 737 2486 Leonis
757 2463 826 2495 part.
843 2465 873 2491 ιι,
889 2468 950 2494 pag.
973 2460 1019 2487 171

284 2495 419 2522 Domino.
441 2495 578 2522 insuetum
604 2495 720 2527 titulum,
743 2495 872 2530 inquiunt
891 2495 1021 2522 Ballerin.

282 2530 299 2557 l.
312 2539 347 2565 c.,
358 2530 563 2558 emendavimus
578 2538 610 2557 ex
627 2530 683 2557 vat.
699 2531 746 2558 541
762 2534 789 2557 et
803 2531 869 2557 edit.
882 2531 1021 2558 concilior.

317 2575 334 2602 5
352 2586 365 2599 «
385 2575 423 2603 ΑΙ.
446 2574 515 2603 male
530 2577 708 2611 praesentem
721 2584 744 2601 ι.
767 2574 896 2602 Ballerin.
909 2578 936 2602 et
956 2574 1022 2603 Cac-

283 2620 348 2647 ciar.
367 2619 394 2646 ll.
407 2628 447 2646 cc.

1051 210 1062 234 1
1082 210 1132 234 ΡΡ.
1711 199 1752 232 47

1046 259 1102 292 tibi
1127 258 1166 291 de
1183 259 1313 292 honoris
1325 264 1507 302 augmento,
1530 258 1586 291 sed
1603 258 1696 291 etiam
1712 258 1784 290 Are-

1046 311 1159 344 latensi
1184 312 1361 353 Ecclesiae,
1389 313 1439 346 cui
1465 318 1493 345 te
1518 312 1670 345 Dominus
1696 322 1786 355 prae-

1047 365 1174 408 posuit,
1209 366 1416 409 gaudeamus.
1456 367 1499 399 Ad
1532 366 1675 400 omnium
1700 366 1784 399 enim
1801 363 1985 410 ,Ιςξζζὼῗ-ιζῗζμζξζ

1048 418 1191 451 fidelium
1207 419 1303 452 decus
1317 426 1411 463 atque
1431 419 1595 452 utilitatem
1615 419 1784 458 redundat,
1801 416 1986 463 21‘f¹}{-1„·2¹⁰¹¹¹¹¹²⁵

1049 481 1121 504 cum
1136 472 1206 504 talis
1230 472 1366 505 habetur
1389 473 1528 513 antistes,
1547 472 1638 505 cuius
1659 472 1786 516 plurimi

1817 209 1866 235 An.
1883 208 1911 236 C.
1933 209 1983 236 449

1850 574 1987 600 Episcopatus

1804 602 1890 622 virtutes
1902 602 1929 621 llll
1943 601 1988 621 enl-

1804 634 1827 649 xu
1837 628 1977 648 commen-1:11.

1049 578 1205 622 exemplo.
1234 578 1342 618 L'nde,
1369 578 1444 622 quia
1467 590 1531 612 non
1558 579 1685 621 ignoras
1711 579 1787 623 quid

1050 632 1089 666 de
1113 631 1295 665 sinceritate
1318 632 1415 664 animi
1438 632 1483 665 tui
1505 633 1680 666 secundum
1698 643 1789 676 prae-

1050 686 1216 719 cedentem
1241 685 1251 701 ⁵
1275 685 1421 718 notitiam
1447 686 1655 725 senserimus,
1686 685 1791 718 iustis-

1050 740 1128 772 sime
1143 750 1200 773 nos
1214 739 1361 782 agnoscis
1373 739 1384 754 ⁰
1399 739 1536 782 exigere,
1553 744 1585 772 ut
1598 738 1683 782 quod
1702 749 1791 782 prae-

1050 793 1217 834 sumimus,
1234 793 1294 826 hoc
1309 792 1494 836 probemus,
1510 791 1606 825 frater
1619 791 1790 825 carissime.

1051 846 1220 880 Modestiae
1234 845 1332 889 igitur
1345 851 1416 878 tuae
1430 855 1496 878 non
1511 845 1591 878 desit
1608 845 1790 884 auctoritas,

1052 899 1262 933 constantiam
1299 898 1513 931 mansuetudo
1539 897 1744 931 commendet
1764 897 1788 938 ⁷,

1051 953 1203 987 iustitiam
1228 953 1340 987 lenitas
1358 958 1521 996 temperet,
1543 952 1696 995 patientia
1714 962 1791 985 con-

1053 1007 1149 1040 tineat
1172 1007 1364 1046 libertatem,
1392 1011 1420 1039 et
1448 1005 1605 1038 declinata
1627 1004 1789 1049 superbia,
1807 1000 1992 1053 ιπωξῇζξῖζῖᾒῇἳ

1052 1061 1102 1095 cui
1129 1061 1309 1104 proximum
1335 1065 1382 1093 est
1418 1065 1452 1092 ut
1487 1059 1631 1100 decidat,
1670 1060 1864 1092 ametur¹¹³¹¹⁵·

1051 1114 1225 1154 humilitas,
1249 1114 1299 1147 cui
1317 1124 1442 1157 semper
1455 1112 1599 1153 debetur,
1613 1118 1646 1146 ut
1662 1117 1792 1146 crescat.

1052 1168 1347 1201 Ecclesiasticarum
1381 1168 1489 1210 legum
1525 1177 1589 1199 non
1614 1167 1722 1210 ignara
1746 1172 1793 1199 est
1807 1161 1994 1208 „sffiflssecg‘lssjg'ss

1053 1221 1180 1255 dilectio
1204 1226 1270 1262 tua,
1296 1227 1331 1254 ut
1355 1221 1438 1254 intra
1464 1231 1573 1254 earum
1595 1222 1720 1263 regulas
1745 1226 1793 1253 at-

1053 1285 1115 1318 que
1139 1285 1305 1307 mensuras
1331 1274 1438 1307 omnia
1452 1274 1617 1317 potestatis
1635 1279 1707 1306 tuae
1724 1273 1793 1306 iura

1053 1328 1227 1362 contineas.
1248 1328 1335 1361 lusto
1356 1328 1475 1371 quippe
1496 1327 1567 1360 idco
1586 1327 1704 1360 dicitur
1720 1327 1730 1343 ⁸
1747 1328 1793 1359 lcx
1809 1321 1994 1373 „„¹.¹,‘1{,¹¹³{,¹,2,¹‡,³2³2

1053 1392 1118 1414 non
1142 1391 1209 1414 esse
1230 1382 1347 1425 posita,
1386 1381 1460 1425 quia
1496 1391 1640 1413 normam
1666 1376 1848 1424 praece-¹¹⁸¹*

1808 1218 1861 1235 stit-o
1877 1215 1922 1234 iure
1935 1220 1993 1235 coer·

1808 1242 1884 1262 eenda.

1036 1435 1170 1479 ptionis
1205 1435 1315 1478 implet
1348 1435 1466 1467 iudicio
1492 1427 1792 1474 voluntatis‚⁹cu111

1831 1481 1899 1501 Varus
1908 1480 1960 1501 recti
1972 1486 1994 1500 a·

1054 1499 1144 1521 verus
1169 1489 1246 1521 recti
1265 1499 1352 1521 amor
1370 1487 1401 1520 in
1421 1488 1592 1532 semetipso
1610 1488 1724 1521 habeat
1741 1487 1751 1503 ⁰
1764 1493 1794 1521 et
1809 1514 1853 1528 „W
1869 1508 1900 1528 ,υι
1916 1510 1947 1527 „⁸1
1960 1513 1994 1527 gu.

1054 1542 1242 1585 apostolicas
1267 1540 1471 1574 auctoritates
1494 1546 1525 1573 et
1539 1540 1706 1574 canonicas
1724 1551 1795 1574 san·
1810 1540 1889 1561 P‘⁰“'²‘

1055 1595 1186 1628 ctiones.
1218 1594 1359 1633 Quarum
1384 1594 1405 1612 ¹⁰
1431 1593 1560 1627 devotus
1595 1600 1735 1628 sectator
1766 1599 1796 1627 et

1054 1647 1189 1690 diligens
1214 1654 1383 1688 executor,
1410 1647 1441 1680 in
1466 1658 1578 1681 eorum
1602 1648 1714 1692 procul
1739 1647 1796 1680 du-

1054 1701 1106 1734 bio
1132 1701 1293 1734 consortio
1318 1699 1524 1744 gloriaberis,
1547 1701 1602 1744 qui
1628 1701 1666 1734 de
1684 1701 1702 1716 ¹¹
1728 1711 1795 1734 cre-

1054 1754 1193 1788 ditorum
1219 1754 1278 1788 sibi
1303 1754 1498 1798 profectibus
1523 1754 1715 1787 talentorum
1739 1765 1794 1787 au-

1055 1809 1124 1842 dire
1148 1814 1351 1842 meruerunt:
1372 1808 1470 1851 Eugye,
1497 1818 1583 1841 serve
1608 1808 1684 1840 bone
1708 1812 1736 1840 el
1760 1809 1797 1850 fi-

1055 1860 1153 1900 detis,
1180 1861 1259 1904 quia
1290 1870 1386 1902 super
1412 1870 1520 1903 pauca
1549 1860 1642 1901 staats-te·
1671 1859 1794 1901 fidelis,

1055 1925 1154 1958 supra
1182 1913 1286 1948 multa
1325 1917 1354 1946 te
1389 1914 1583 1946 constituam
1603 1940 1610 1953 ‚
1644 1914 1734 1945 intra
1761 1914 1797 1945 ιή

1054 1969 1213 2012 §audium
1236 1968 1371 2001 Domini
1397 1968 1444 2000 lui
1469 1966 1498 1999 ¹².
1524 1967 1563 2000 Ut
1589 1971 1695 2000 autem
1713 1963 1995 2012 fidu-,ermfffffllffiff

1055 2023 1137 2055 ciam
1162 2021 1340 2055 dilectionis
1365 2031 1439 2064 erga
1467 2025 1498 2054 te
1526 2026 1654 2054 nostrae
1679 2019 1796 2053 habere
1812 2019 1853 2039 ¹¹¹¹·

1056 2086 1120 2110 non
1155 2075 1301 2115 dubites,
1332 2074 1458 2119 saepius
1495 2085 1553 2108 nos
1575 2073 1613 2107 de
1644 2083 1795 2117 processu

1091 2184 1107 2211 6
1131 2194 1142 2207 «
1164 2181 1233 2210 Edit.
1250 2180 1560 2218 perperamagynoscilis
1575 2191 1595 2208 ι.
1610 2178 1760 2207 Rallerin.1.
1772 2188 1795 2206 c.

1092 2228 1107 2254 7
1124 2237 1136 2253 <‹
1154 2227 1225 2254 Edit.
1243 2230 1303 2254 ante
1315 2226 1451 2257 Quesncll.
1467 2227 1562 2261 legunt
1576 2225 1729 2252 Modestiae
1745 2225 1799 2259 iqi-

1057 2275 1105 2300 lur
1119 2275 1185 2300 luae
1201 2279 1256 2299 non
1270 2272 1428 2299 auctoritas
1444 2270 1648 2301 constantiam,
1664 2269 1799 2295 sedman-

1056 2317 1169 2344 suetudo
1190 2317 1363 2344 commendet
1378 2327 1404 2342 n.
1423 2315 1550 2342 llallerin.
1574 2318 1600 2341 et
1615 2313 1691 2340 Cacc.
1713 2313 1741 2340 ll.
1758 2321 1797 2339 rc.

1092 2362 1107 2389 8
1123 2371 1134 2387 a
1156 2361 1195 2388 Al.
1207 2362 1285 2389 Iusto
1296 2361 1545 2389 tamenclt'citur».
1563 2359 1659 2386 Baiter.
1675 2357 1725 2385 col.
1736 2358 1796 2385 89⁴2.

1058 2402 1214 2438 Perperam,
1230 2406 1260 2428 ut.
1276 2401 1391 2428 videtur.

1091 2447 1107 2473 9
1123 2456 1135 2472 α
1154 2447 1194 2473 ΑΙ.
1218 2447 1250 2473 in
1277 2446 1424 2480 semetipso
1441 2446 1496 2472 sive
1522 2445 1551 2472 in
1575 2443 1722 2478 semetipsa
1745 2443 1797 2469 hu-

1039 2495 1040 2501 *
1057 2483 1120 2509 beat
1140 2494 1165 2509 ».
1184 2482 1308 2508 Ballerin.
1327 2481 1344 2508 l.
1367 2490 1390 2508 c.

1094 2527 1126 2554 10
1142 2537 1153 2552 (ι
1170 2527 1231 2553 Υιιῑ.
1252 2527 1299 2554 541
1324 2534 1414 2560 quare
1433 2537 1458 2552 u.
1477 2525 1594 2551 Cacciar.
1613 2532 1673 2559 pag.
1694 2523 1752 2550 172.

1093 2573 1121 2599 11
1141 2571 1179 2598 ld.
1197 2571 1257 2598 cod.
1278 2570 1351 2597 delet
1365 2571 1526 2605 particulam
1547 2570 1579 2597 cle
1598 2579 1621 2596 n.
1638 2569 1715 2595 Cacc.
1731 2566 1797 2595 ibid.

1096 2617 1125 2643 12
1140 2615 1236 2643 Manli.
1253 2622 1313 2650 xxv,
1335 2615 1364 2641 :31
1385 2618 1411 2642 et
1427 2615 1473 2641 23.
