2244 3183
230 223 280 252 An.
301 223 331 251 C.
344 222 396 250 480

269 342 324 361 Acar
328 341 359 360 ins
375 341 413 360 ile-

227 370 275 388 ?ala
295 372 413 387 excommu-

227 394 261 414 nir*
251 394 365 414 mitione-dc.
356 394 412 419 Ίι)ι1-

228 426 270 441 sus.

246 1351 321 1371 Petrus
327 1349 353 1370 ab
362 1349 413 1369 hae-

226 1378 286 1397 retic.
293 1378 373 1397 electus
380 1381 413 1395 ca·

227 1404 298 1425 tholic.
305 1402 412 1423 Ecclesiae

227 1436 334 1456 nunquam
351 1434 412 1455 prac-

226 1457 335 1478 ticieudus.

287 1938 411 1959 vetranioni

225 1970 264 1992 pro
272 1965 320 1986 fidei
329 1966 411 1986 unitate

225 1992 286 2012 enixu
300 1992 412 2018 2insisteu-

228 2018 278 2040 dnm
285 2034 291 2043 ‚

459 213 523 247 258

429 272 562 305 Aeacius
582 271 786 315 Apostolicae
800 270 901 311 Sedis,
918 281 1001 314 quae
1017 280 1104 303 nunc
1115 280 1169 303 ex-

428 325 566 358 secutrix
587 325 698 368 utique
715 323 888 368 saepedicti
903 323 1173 357 Chalcedonensis

428 378 563 411 Concilii
595 389 654 422 pro
686 378 749 412 fide
770 377 927 411 catholica
948 383 1025 411 tunc
1044 377 1171 421 piobati

428 442 493 465 non
512 431 622 472 defuit,
635 431 748 465 iterata
766 431 1101 465 excommunicatione
1116 431 1172 464 de-

426 485 538 528 pulsus
559 490 623 525 cst,
646 495 686 517 nc
706 495 764 528 pei
782 495 875 526 eum,
899 485 986 529 quod
1004 485 1097 525 absit,
1114 495 1172 518 nos

426 547 556 581 qnoque
568 511 744 571 reddamur
758 513 933 582 complices
952 538 1168 582 perditorum.

426 591 535 635 Neque
556 591 686 624 Petrum
707 591 879 636 quisquam
900 592 1042 634 legitime
1063 592 1173 625 credat

426 654 494 677 esse
514 650 699 688 purgatum,
722 646 856 689 quinon
870 645 981 678 abeati
995 645 1080 678 Petri
1095 655 1172 688 apo-

425 698 499 730 stoli
520 698 595 732 sede
616 704 763 742 receptus
775 704 831 739 est,
848 709 913 742 qua
923 698 981 731 suit
998 699 1171 731 mandante

425 751 580 785 deiectus.
617 752 700 785 Bene
731 752 816 784 enim
849 751 1055 785 dilectionem
1083 756 1169 784 tuam

425 814 518 838 nosse
536 815 600 838 non
615 805 756 847 ambigo,
773 805 860 848 quod
874 815 1046 848 personam
1061 804 1172 837 liuius-

426 858 526 898 modi,
550 868 622 891 cum
645 858 687 891 ita
707 858 790 891 ratio
815 859 1004 902 postularet,
1026 867 1090 891 non
1109 857 1170 890 nisi

425 910 660 944 ecclesiasticae
671 910 765 953 legis¹
780 911 894 944 ordine
904 911 1112 955 competenti,
1130 911 1171 944 si-

426 970 479 998 cut
497 964 649 998 divinitus
670 965 879 999 constitutum
901 965 1018 1006 est,vel
1033 965 1167 1009 possint,

425 1019 475 1051 vel
494 1018 872 1052 debeantconvenienter
884 1019 1060 1052 absolvere.
1078 1019 1170 1058 Quod

426 1082 500 1105 cum
519 1072 638 1105 sactum
656 1082 722 1105 non
743 1072 793 1113 sit,
817 1072 1023 1106 manifestum
1045 1079 1091 1106 est
1114 1073 1171 1106 Pe-

427 1131 512 1158 trum
541 1126 572 1158 in
595 1137 647 1166 ea,
671 1137 734 1170 qua
754 1126 881 1170 pridem
898 1128 1012 1167 fuerat,
1040 1138 1171 1171 perver-

425 1178 518 1213 sitate
530 1190 567 1213 ac
584 1179 792 1213 damnatione
805 1180 954 1213 detineri.
972 1180 1030 1219 Qui
1045 1181 1170 1214 etiamsi

427 1233 570 1276 legitime
599 1233 718 1276 corrigi
746 1233 907 1275 voluisset,
935 1234 1170 1277 indulgentiam

428 1286 582 1330 consequi
608 1286 734 1327 debuit,
761 1296 827 1320 non
848 1287 1095 1322 ecclesiasticam
1117 1289 1168 1322 di-

427 1339 600 1381 gnitatem;
628 1340 703 1383 quia
730 1340 769 1373 ab
797 1340 966 1374 haereticis
991 1341 1168 1376 damnatis—

428 1403 490 1436 que
503 1393 570 1426 falsi
591 1393 763 1427 sacerdotii
784 1404 903 1428 nomen
925 1405 1091 1429 assumens
1106 1397 1168 1431 Ec-

428 1446 544 1480 clesiae
580 1447 758 1481 catholicae
789 1448 886 1481 nullis
917 1449 1036 1491 regulis
1067 1451 1172 1494 potuit

426 1499 623 1543 praesidere.
652 1501 737 1535 Ilaec
757 1506 877 1543 autem,
897 1513 980 1546 quae
994 1503 1033 1536 de
1042 1504 1171 1547 praedi-

427 1553 485 1586 ctis
513 1559 601 1597 gesta
625 1554 842 1596 narravimus,
873 1556 1076 1590 documentis
1095 1557 1171 1592 inde

426 1606 629 1641 venientibus
650 1608 883 1652 approbantur,
899 1608 1171 1643 sicutConstanti-

425 1660 605 1704 nopolitani
617 1661 738 1702 clerici,
748 1661 803 1705 qui
814 1661 928 1695 directi
939 1668 1023 1703 sunt,
1034 1673 1171 1705 agnove-

426 1718 513 1754 runt,
530 1714 705 1758 palamque
721 1720 935 1748 monstratum
949 1716 1169 1757 est,Acacium

425 1777 459 1800 se
486 1777 598 1800 eorum
625 1767 737 1801 secisse
767 1768 980 1812 participem,
1009 1779 1089 1813 quos
1106 1770 1171 1803 suis

424 1820 540 1854 litteris
564 1821 759 1863 haereticos,
788 1827 819 1855 et
843 1822 997 1856 retulerat
1022 1823 1091 1867 ipse
1116 1824 1170 1857 da-

426 1880 563 1908 mnatos.
598 1875 762 1919 Perceptis
782 1885 860 1919 ergo
884 1876 1070 1910 summatim
1093 1877 1171 1911 dile-

426 1927 490 1961 ctio
509 1933 582 1968 tua,
605 1939 689 1972 quae
713 1928 865 1962 videntur
884 1929 1100 1963 Ecclesiarum
1126 1931 1171 1964 se-

426 1981 507 2015 cisse
527 1981 712 2023 dissidium,
736 1992 861 2026 nosque
880 1984 1085 2027 perpendens
1105 1994 1170 2018 non

426 2035 590 2069 immerito
607 2046 667 2079 pro
687 2035 750 2069 side
771 2036 929 2070 catholica
949 2037 1089 2071 extitisse
1108 2039 1172 2071 sol-

426 2088 543 2130 licitos,
566 2099 632 2122 non
652 2089 756 2123 solum
778 2089 929 2134 deinceps
949 2101 982 2124 se
995 2101 1013 2123 a
1027 2101 1171 2124 commu-

425 2142 523 2176 nione
543 2142 770 2176 damnatorum
782 2143 909 2176 studeat
922 2143 1098 2185 custodire;
1115 2145 1171 2178 sed

425 2194 539 2229 Christi
560 2206 704 2239 gregem,
727 2206 792 2240 qua
811 2196 894 2230 valet
918 2195 1087 2238 industria,
1114 2207 1168 2231 re-

426 2248 555 2282 trahere
574 2259 640 2283 non
661 2249 816 2294 quiescat,
836 2255 868 2283 et
881 2250 1014 2284 domino
1028 2250 1094 2284 filio
1106 2261 1168 2284 no-

425 2308 492 2336 stro
513 2303 707 2337 christianae
732 2303 849 2337 mentis
868 2308 1012 2346 Augusto
1033 2304 1171 2338 incessa-

426 2355 536 2390 biliter
560 2367 734 2400 suggerere
757 2368 823 2391 non
848 2357 986 2399 omittat,
1009 2363 1044 2391 ut
1063 2358 1170 2402 operis

425 2409 475 2443 sui
501 2420 642 2452 memor,
669 2412 757 2455 quod
784 2412 848 2446 fide
869 2411 1039 2453 catholica,
1064 2412 1167 2456 inspi-

426 2468 517 2497 rante
536 2463 673 2498 Domino
693 2470 804 2499 nostro
819 2492 827 2506 ,
851 2465 1028 2499 clementer
1052 2465 1170 2499 dicitur

461 2588 474 2615 1
493 2587 571 2616 Forte
586 2588 693 2625 legend.
711 2589 791 2625 leym,

464 2634 481 2661 2
496 2632 581 2662 Galat.
598 2640 626 2668 v,
647 2642 673 2662 v.
690 2634 733 2661 ¹2.

949 221 1111 246 APPENDIX
1129 219 1282 246 BULLARII
1301 220 1423 247 ROMANI

1207 275 1357 304 executus
1377 270 1506 314 plenam
1528 269 1728 313 temporibus
1741 269 1806 304 suis
1818 279 1943 315 pacem,

1206 326 1237 354 et
1256 321 1370 355 Christi
1397 321 1563 354 veritatem
1588 320 1746 354 sinceram
1766 327 1802 354 ut
1824 322 1947 366 praeci-

1206 386 1287 419 puus
1301 385 1411 409 sacrae
1430 374 1595 417 religionis
1615 374 1711 414 filius,
1734 380 1765 408 et
1780 375 1833 419 pia
1851 376 1947 409 devo-

1208 429 1294 462 tione
1320 428 1514 472 conspicuus
1539 427 1713 471 tranquilla
1737 428 1947 472 dispositione

1206 487 1383 521 iestauret‚
1408 487 1439 514 et
1461 482 1500 515 de
1519 481 1661 514 Ecclesia
1681 481 1949 525 Constantinopo-

1206 535 1306 568 litana
1331 534 1417 568 Petri
1443 534 1650 567 Alexandrini
1674 534 1806 568 nomine
1827 535 1949 568 Aeacii-

1205 600 1268 634 que
1299 589 1442 629 sublato,
1472 599 1532 632 pro
1559 599 1624 633 quo
1645 594 1817 633 tempestas
1843 588 1949 622 omnis

1206 649 1316 677 exorta
1337 648 1398 684 cst,
1428 642 1651 676 intemeratam
1677 648 1830 686 paternae
1851 643 1949 676 tradi-

1205 696 1301 729 tionis
1322 695 1396 729 fidei
1421 701 1494 740 post
1513 696 1685 729 Dominum
1706 696 1865 739 benignus
1882 696 1949 730 effi-

1205 749 1711 793 ciatunitatemQuaenunquam
1720 750 1948 794 suissetutique

1205 809 1376 843 temerata,
1393 803 1418 835 si
1440 803 1523 836 hanc
1543 802 1731 846 imperatori
1750 802 1948 837 christianis*

1204 857 1286 890 simo
1300 857 1439 890 fideliter
1455 856 1588 890 Aeacius
1606 856 1768 890 insinuare
1781 857 1943 891 voluisset.

1205 911 1266 944 Sed
1280 911 1356 944 dum
1371 911 1500 943 Patrum
1516 910 1671 944 terminos
1689 911 1862 944 transferre
1877 921 1947 945 mo-

1204 965 1292 1005 litur,
1316 969 1346 997 et
1363 963 1594 997 ambitionibus
1614 963 1680 997 suis
1699 964 1948 1008 praevaricatio·

1203 1018 1253 1051 nis
1273 1018 1394 1052 aditum
1417 1017 1624 1062 impudenter
1643 1018 1792 1062 exquirit,
1815 1029 1874 1052 nec
1895 1029 1948 1052 ve-

1203 1072 1362 1106 nerabilia
1391 1072 1547 1105 dubitavit
1578 1072 1707 1105 decreta
1739 1073 1864 1106 calcare
1878 1100 1885 1114 ,
1917 1078 1948 1106 et

1204 1126 1287 1159 inter
1301 1136 1393 1159 curas
1406 1125 1552 1169 publicas
1565 1131 1721 1169 occupato
1734 1125 1874 1169 principi
1889 1135 1944 1159 ve-

1204 1179 1348 1213 nerando
1371 1178 1594 1219 dissimulavit,
1613 1189 1696 1222 quae
1715 1184 1849 1212 noverat
1858 1189 1944 1220 vera,

1204 1243 1396 1275 suggerere;
1424 1232 1520 1265 talem
1549 1241 1583 1265 se
1607 1230 1836 1265 conscientiam
1863 1231 1947 1264 circa

1204 1287 1340 1320 salutem
1371 1285 1493 1328 regiam
1528 1291 1786 1329 potestatemque
1822 1290 1946 1328 gestare

1205 1341 1451 1380 demonstrans,
1484 1340 1613 1384 qualem
1637 1339 1671 1372 in
1695 1339 1826 1382 negotio
1845 1339 1947 1384 ipsius

1204 1394 1369 1437 religionis
1389 1393 1543 1427 exhibuit.
1564 1393 1666 1434 Unde,
1689 1393 1776 1437 quod
1796 1402 1861 1426 non
1878 1392 1948 1426 sine

1205 1448 1303 1482 divini
1320 1447 1431 1481 iudicii
1452 1452 1576 1480 terrore
1589 1446 1762 1480 dicendum
1779 1450 1837 1487 est,
1849 1445 1947 1480 etiam

1204 1501 1297 1535 nobis
1321 1501 1346 1534 si
1371 1500 1557 1545 requisisset
1580 1499 1783 1544 optantibus,
1810 1508 1876 1533 non
1901 1505 1948 1533 est

1204 1555 1379 1599 permissus
1405 1553 1537 1587 absolvi.
1561 1553 1731 1593 Quomodo
1751 1558 1858 1587 autem
1884 1552 1945 1586 do-

1205 1609 1311 1642 minus
1328 1607 1413 1641 filius
1433 1613 1542 1641 noster
1558 1606 1751 1640 venerabilis
1771 1606 1949 1650 imperator

1204 1672 1268 1695 non
1297 1661 1359 1695 hoc
1379 1661 1440 1694 sibi
1460 1660 1604 1694 iudicare
1623 1665 1731 1704 posset
1750 1660 1945 1701 faciendum,

1204 1715 1292 1759 quod
1310 1719 1457 1749 cerneret
1477 1714 1678 1748 sacerdotem
1691 1713 1740 1747 vel
1761 1715 1878 1754 facere,
1897 1712 1947 1746 vel

1205 1769 1345 1802 docere‘?
1358 1768 1561 1812 Quapropter
1574 1767 1725 1801 adiuncta
1745 1777 1855 1801 secum
1875 1776 1947 1800 mea

1204 1833 1311 1867 prece,
1331 1821 1461 1856 dilectio
1474 1827 1527 1855 tua
1543 1820 1762 1865 saepedictum
1777 1819 1946 1854 dominum

1204 1877 1307 1910 silium
1327 1881 1473 1910 nostrum
1492 1874 1729 1919 supplicatione
1748 1885 1812 1919 qua
1827 1879 1944 1918 potest,
1961 1905 1974 1927 d

1204 1937 1235 1965 et
1258 1932 1474 1974 lacrymarum
1507 1928 1706 1973 professione
1734 1928 1944 1972 deprecetur,

1204 1990 1239 2017 nt
1261 1983 1423 2028 patienter
1450 1982 1616 2027 permittat
1640 1981 1773 2023 abscidi,
1807 1981 1863 2025 qui
1887 1991 1946 2016 nos

1205 2037 1399 2071 conturbant
1416 2036 1438 2077 ‘²3
1461 2046 1501 2070 ne
1518 2035 1551 2069 in
1571 2034 1810 2069 successoribus
1825 2034 1943 2068 haere-

1206 2091 1343 2124 ticorum
1364 2099 1531 2134 reparasse
1543 2089 1721 2130 videamur,
1736 2087 1824 2132 quod
1837 2087 1870 2120 in
1883 2097 1944 2120 au-

1205 2145 1348 2178 ctoribus
1368 2154 1481 2178 eorum
1499 2149 1622 2177 certum
1640 2147 1687 2177 est
1699 2142 1795 2176 fuisse
1807 2141 1944 2175 damna-

1205 2204 1285 2232 tum.
1312 2198 1528 2242 Priorumque
1555 2196 1741 2232 consimiles
1761 2196 1947 2240 opprimere

1203 2262 1269 2286 non
1289 2252 1373 2286 sinat
1385 2251 1634 2286 ecclesiasticam
1649 2250 1854 2293 dignitatem,
1869 2259 1948 2293 qua-

1204 2312 1295 2339 tenus
1327 2305 1503 2350 apostolica
1530 2315 1607 2338 voce
1635 2303 1800 2337 dicamus:
1825 2303 1948 2346 Siqua

1203 2360 1309 2403 iqitur
1329 2360 1365 2393 in
1396 2359 1525 2394 Christo
1549 2368 1633 2392 nova
1652 2362 1812 2398 creatura,
1838 2360 1947 2390 vetera

1205 2413 1418 2455 transierim,
1435 2423 1501 2446 ecce
1518 2413 1692 2456 factasunt
1704 2410 1816 2444 omnia
1829 2419 1913 2443 nova
1925 2408 1946 2450 ³,

1202 2466 1376 2501 Ecclesiam
1407 2464 1795 2510 Constantinopolitanam
1830 2462 1943 2503 nobis,

1239 2587 1255 2615 3
1270 2587 1294 2616 11
1309 2587 1431 2616 Corinth.
1446 2594 1473 2623 v,
1489 2595 1515 2614 v.
1533 2587 1576 2615 17,

1981 220 2029 248 An.
2045 220 2073 249 C.
2093 221 2146 250 489

1989 812 2056 836 Quam
2075 813 2148 834 Aeacii

1962 839 2148 865 persidi-violarit
2191 835 2199 851 3*
2215 830 2233 834 ι’

1967 1823 2146 1850 Halasitaquo.ot
2194 1810 2196 1814 ‚
2230 1809 2237 1838 Ῐ-

1960 1851 2018 1873 Petri
2028 1850 2172 1873 dammum,
2224 1851 2228 1855 ’

1960 1879 1982 1900 ιιι
2007 1877 2146 1905 acquiescen-
