2244 3183
75 273 123 300 An.
142 272 171 299 C.
191 272 241 300 477

115 538 138 567 iit
158 545 257 567 chalced.

75 573 165 600 syn-ntus
190 575 258 593 cust-1-

76 601 152 621 dintnr.

122 1079 190 1100 Laesa
207 1080 257 1099 tides

74 1109 171 1132 potentes
179 1107 258 1129 dejicit,

74 1134 146 1153 illaesa
161 1136 239 1154 serint.

99 2146 140 2166 fles
152 2145 258 2165 Era-tesino

76 2173 191 2193 orientalis.

887 272 912 296 S.
941 272 1121 297 SIMPLICIUS
1140 273 1191 297 PP.

274 320 460 364 praevalere
472 320 654 365 patiamini,
672 320 757 365 quod
773 319 924 364 iniquitas
940 326 1019 354 tem-

274 384 404 417 porum,
429 374 562 408 01005ί
585 385 666 418 quos
691 385 755 407 non
782 374 886 407 solum
913 380 1017 408 restro

275 428 424 472 imperio,
447 429 502 462 sed
523 434 555 462 et
574 429 606 461 in
626 429 725 462 Deum
745 438 875 472 quoque
888 428 1018 461 rebellis

274 481 404 525 spiritus
421 482 604 523 concitavit;
625 493 721 526 quam
740 482 827 526 quod
852 486 898 515 tot
924 481 1016 514 tanti-

274 545 337 579 que
354 535 535 580 pontifices,
559 541 589 569 et
609 546 682 569 cum
698 535 835 578 egregiis
856 535 1014 568 orthodo-

274 589 398 632 xisque.
416 589 625 633 pontificibus
656 588 845 622 universalis
863 588 1017 621 ecclesiae

274 642 414 675 decrevit
435 654 592 676 assensus.
612 642 881 677 Chalcedonensis
898 642 1016 686 Synodi

274 697 458 738 constituta,
482 697 531 730 vel
553 707 589 730 ea
609 707 692 741 quae
713 697 826 729 beatae
841 696 1017 729 memoriae

272 751 504 794 praedeeessor
525 761 615 784 meus
636 751 699 784 Leo
720 750 896 794 apostolica
910 750 1018 783 erudi-

273 804 360 837 tione
380 805 560 848 perdocuit,
578 805 771 838 intemerata
784 803 892 847 vigere
908 804 1018 837 iubea-

273 857 322 897 tis;
346 857 421 901 quia
441 868 500 891 nec
520 858 585 891 ullo
605 858 701 891 modo
722 857 886 890 retractari
898 862 1013 901 potest,

273 911 360 954 quod
381 911 511 944 illorum
526 911 715 944 definitione
728 910 867 955 sopitum
884 917 941 951 est,
958 921 1017 944 nec

273 964 434 997 ullatenus
462 964 561 1008 recipi
591 965 686 998 toties
706 975 771 997 uno
792 964 936 1008 undique
961 975 1017 997 ore

274 1017 446 1051 damnatus
465 1017 486 1050 ².
516 1019 586 1061 Ipsa
611 1024 655 1051 est
684 1018 823 1062 quippe,
852 1018 933 1051 sieut
959 1028 1014 1051 ex-

273 1071 354 1114 perti
377 1071 461 1111 estis,
486 1071 644 1105 catholica
661 1072 751 1112 fides,
776 1082 858 1115 quae
872 1077 1018 1115 potentes

274 1125 313 1158 de
333 1126 408 1159 sede
437 1126 523 1159 laesa
553 1126 564 1142 ⁸
591 1126 751 1170 deposuit,
776 1131 807 1159 et
831 1126 1018 1159 exaltandos

274 1179 412 1213 humiles
442 1180 601 1214 custodita
632 1180 779 1213 servavit.
809 1180 912 1219 Quare
943 1179 1018 1213 satis

274 1234 434 1276 agendum
457 1240 504 1267 est
524 1234 632 1277 pietati
655 1240 747 1274 tuae,
776 1241 809 1267 ut
842 1234 896 1278 qui
922 1233 1018 1267 buius

277 1286 332 1319 tibi
354 1292 468 1320 auctor
488 1292 535 1320 est
555 1287 643 1327 doni,
665 1287 703 1321 sit
726 1288 792 1331 ipse
810 1287 928 1321 01111111ἱ
944 1297 1019 1331 pro-

275 1345 420 1384 pagator.

317 1395 395 1427 Data
408 1405 465 1428 vni
482 1395 551 1428 idus
565 1395 712 1429 Octobris
730 1401 797 1439 post
815 1395 1017 1428 consulatum

275 1449 416 1481 Basilisci
438 1455 465 1481 et
489 1449 611 1482 Armati
632 1449 652 1482 ᾗ.

310 1501 367 1528 Dat.
385 1501 428 1528 die
448 1502 463 1528 8
478 1502 601 1528 Octobris
616 1511 660 1529 an.
683 1503 743 1529 477.

504 1627 687 1660 EPISTULA
708 1628 743 1660 w
761 1629 782 1659 ⁶¹.

274 1689 325 1721 Ast
349 1699 398 1721 res
418 1689 579 1722 Ecclesiae
604 1691 819 1723 restituemus
836 1691 1015 1722 ‘z‘nrorulum

318 1735 525 1776 imperatoris
547 1735 748 1778 praesidium
771 1736 954 1777 siqnificnl,
981 1736 1018 1767 de

319 1788 379 1821 quo
392 1781 510 1822 optime
533 1784 654 1822 sperni,-
680 1780 860 1812 Antonium
880 1784 907 1812 ct
924 1779 1018 1811 Inan-

319 1834 388 1855 nem
408 1825 599 1866 praecipuos
623 1825 787 1856 haeresum
815 1828 957 1856 auclore<
981 1835 1017 1856 α-

319 1868 503 1900 nalstemate
525 1868 686 1911 percellit:
704 1869 873 1912 Episcopos
891 1869 1013 1901 flavitum

320 1911 603 1956 Constantinopoli
621 1913 766 1954 deflentes
783 1914 904 1946 attritam
920 1924 935 1944 e
950 1914 1016 1946 stris

318 1957 442 1989 sedibus
459 1958 563 1989 (thess-e
576 1958 730 2001 prohihet.

324 2027 524 2056 Dilectissimo
548 2028 635 2055 fratri
655 2028 762 2056 Acacio
784 2029 966 2063 Simplicius.

319 2089 432 2123 Literis
454 2097 525 2124 tuae
539 2091 731 2131 dilectionis,
749 2102 828 2135 quas
840 2103 899 2136 per
913 2092 1013 2125 lilium

276 2150 420 2177 nostrum
436 2144 650 2188 Epiphaniam
671 2145 843 2178 diaconum
858 2146 1014 2189 probatae

276 2198 349 2231 {idei
375 2198 531 2239 direxisti,
556 2209 591 2231 ea
613 2210 695 2243 quae
716 2199 849 2233 strictim
878 2200 1010 2243 religio-

309 2320 321 2346 1
346 2319 400 2347 Eos
411 2318 487 2347 deest
502 2319 527 2346 in
544 2318 621 2346 codd.
644 2328 690 2346 nn.
711 2320 780 2348 3786
796 2324 823 2347 et
844 2321 924 2348 5017.
937 2321 1012 2349 Cont.

274 2359 363 2386 Const.
385 2360 402 2386 l.
419 2368 442 2386 c.
464 2360 556 2395 legunt
575 2363 602 2387 ει
630 2369 685 2392 cos,
703 2368 772 2395 quos
799 2369 855 2387 non
873 2362 965 2388 solnm
982 2362 1014 2389 in

274 2403 399 2427 restrum
420 2401 584 2433 imperium.
606 2400 675 2427 Sane
695 2401 726 2427 ad
751 2401 901 2428 orationem
916 2402 1013 2437 aptius.

309 2441 325 2466 ‘2
338 2441 403 2468 God.
422 2450 447 2467 n.
462 2441 528 2467 1344
545 2442 631 2468 lolius
642 2442 797 2468 catholicae
814 2442 942 2470 veritatis
958 2451 1014 2468 uno

274 2480 401 2515 undique
418 2489 466 2507 ore
481 2482 659 2508 ‹Iunnmtum¹
681 2481 773 2516 Inepte
790 2482 822 2508 ad
839 2486 955 2515 context,
973 2482 1015 2509 hic

275 2521 344 2547 enim
361 2521 517 2548 Timotheus
533 2521 607 2547 innui
626 2521 738 2548 ridetur.

310 2562 325 2588 3
345 2573 357 2586 α
376 2562 462 2589 Laesa
477 2561 510 2588 ad
526 2561 608 2588 verba
625 2562 763 2589 catholica
794 2562 862 2596 fides
887 2563 1013 2598 refertur,

276 2609 327 2628 non
348 2610 411 2629 vero
435 2602 468 2628 ad
494 2602 558 2628 seda
586 2612 608 2628 ».
630 2602 669 2628 Ita
689 2602 795 2629 Contin.
817 2602 969 2638 Constant„
987 2607 1016 2630 ut

274 2641 361 2669 omnis
379 2642 540 2677 ambiguitas
557 2642 673 2669 tollatur.
700 2642 730 2669 tit
750 2642 857 2678 quidem
878 2647 960 2676 recte,
977 2644 1014 2671 uti

275 2681 359 2718 liquet
377 2690 391 2710 e
409 2682 551 2710 verborum
571 2682 705 2710 anthitesi.

1699 263 1764 297 ⁶215

1053 321 1168 355 sissimi
1189 321 1247 354 viri
1265 321 1321 355 filii
1343 321 1442 355 nostri
1464 322 1653 367 presbyteri,
1681 322 1791 355 archi-

1054 375 1233 408 mandritae
1253 386 1325 408 eum
1349 376 1515 409 monachis
1535 377 1583 409 vel
1613 382 1685 409 ante
1710 376 1792 409 scri-

1053 435 1194 471 pserant,
1218 429 1312 461 latius
1334 430 1492 470 indicasti,
1518 435 1547 463 et
1572 430 1697 474 prolixo
1718 430 1792 474 qui-

1053 481 1125 513 dem
1149 482 1322 522 volumine,
1357 484 1412 516 sed
1442 494 1592 517 sermone
1614 483 1795 517 necessario

1053 535 1201 572 retulisti2
1225 541 1260 568 ut
1281 536 1357 579 quid
1377 537 1423 569 vel
1441 537 1729 580 Constantinopoli,
1746 537 1794 570 vel

1053 588 1083 620 in
1105 588 1176 621 aliis
1196 589 1383 631 regionibus
1412 590 1450 622 ab
1476 590 1646 623 haereticis
1671 596 1793 632 gestum

1053 641 1269 675 disceremus:
1294 653 1330 675 ac
1350 642 1476 685 singula
1497 654 1579 686 quae
1600 650 1712 676 contra
1738 655 1793 677 ec·-

1052 695 1245 729 elesiasticas
1265 697 1403 738 regulas,
1425 703 1455 729 et
1476 704 1587 730 contra
1609 698 1710 741 ipsam
1737 708 1792 730 ca-

1053 748 1205 782 tholicam
1242 750 1340 782 fidem
1383 750 1581 794 ubicumque
1624 751 1796 784 commissa

1052 808 1135 843 sunt,
1159 808 1232 836 ante
1252 809 1378 837 nostros
1396 805 1507 837 oculos
1527 805 1701 842 collocasti;
1719 815 1797 849 qua-

1053 862 1144 890 tenus
1164 858 1312 891 videatnr
1332 869 1396 902 quo
1418 859 1513 891 etiam
1540 859 1686 892 remedio
1714 859 1793 892 sub-1
1817 859 1819 863 “

1052 910 1217 944 veniretur
1237 912 1396 953 ecclesiis,
1425 912 1542 956 quibus
1562 912 1624 944 rim
1651 913 1710 945 sub
1736 923 1793 945 oc-

1053 963 1180 997 casione
1212 966 1396 1009 tyrannicae
1429 965 1660 999 dominationis
1686 971 1716 999 et
1739 977 1797 1010 per

1052 1018 1229 1051 absentiam
1259 1019 1515 1053 christianissimi
1536 1020 1691 1064 principis
1716 1031 1793 1064 per-

1053 1069 1194 1103 niciosus
1212 1070 1305 1111 latro,
1327 1076 1358 1104 et
1377 1071 1537 1104 recidivus
1563 1071 1693 1105 invasor
1718 1072 1793 1104 Ale-

1054 1123 1229 1157 xandrinae
1250 1125 1410 1158 Ecclesiae
1431 1125 1538 1169 lapsus
1554 1126 1563 1142 7
1584 1125 1686 1158 exiliis
1707 1124 1795 1158 inro-

1053 1177 1146 1219 gavit.
1188 1178 1279 1211 Unde
1314 1178 1446 1212 unicum
1480 1185 1551 1223 post
1581 1180 1680 1212 Deum
1698 1207 1704 1218 ‚
1740 1179 1795 1223 qui

1053 1231 1227 1265 Ecclesiam
1258 1238 1288 1265 et
1320 1233 1552 1276 rempublicam
1576 1233 1795 1267 consolatione

1054 1284 1193 1318 mirabili
1214 1286 1363 1326 visitavit,
1388 1286 1482 1320 etiam
1505 1287 1529 1320 si
1551 1287 1611 1320 hoc
1634 1287 1701 1320 fieri
1728 1287 1792 1320 mi-

1053 1338 1139 1372 nime
1160 1341 1366 1383 postulasses
1391 1340 1634 1374 clementissimi
1657 1341 1796 1385 impera-

1056 1393 1133 1426 toris
1153 1393 1306 1427 auxilium
1329 1394 1477 1427 duximus
1491 1394 1744 1438 implorandum:
1761 1401 1792 1428 ut

1054 1458 1113 1491 pro
1132 1447 1293 1484 omnibus.
1320 1459 1404 1492 quae
1422 1459 1522 1488 regno
1552 1448 1620 1481 eius
1639 1449 1795 1481 Dominus

1055 1500 1186 1541 tribuit,
1216 1511 1255 1534 ne
1282 1501 1416 1535 ulterius
1449 1502 1479 1534 in
1512 1502 1590 1535 orbe
1622 1508 1791 1542 terrarum,

1053 1564 1131 1597 quas
1151 1555 1295 1588 subditas
1312 1566 1370 1588 suo
1384 1555 1546 1597 cognoscit
1570 1555 1717 1599 imperio,
1739 1556 1795 1588 Ee-

1053 1608 1168 1641 clesiae
1196 1609 1250 1641 Dei
1276 1609 1315 1642 ab
1341 1609 1578 1642 haeretieorum
1602 1609 1794 1651 contagione

1053 1667 1082 1694 et
1103 1662 1258 1705 pravitate
1280 1662 1450 1703 violentur,
1475 1663 1530 1695 sed
1551 1662 1795 1696 doetrinaedia-

1052 1713 1176 1746 bolicae
1196 1713 1424 1758 praeceptione
1448 1714 1574 1758 pietatis
1590 1714 1688 1758 ipsius
1702 1725 1795 1758 prae-

1051 1773 1176 1800 stentur
1196 1768 1366 1801 immunes:
1392 1775 1424 1801 ut
1445 1768 1476 1807 ii,
1498 1768 1551 1812 qui
1574 1768 1631 1801 sibi
1647 1768 1794 1801 credide-

1051 1821 1113 1854 rint
1152 1823 1353 1856 sacerdotale
1392 1823 1608 1855 ministerium
1650 1823 1792 1856 damnati

1050 1875 1190 1908 hominis
1225 1876 1490 1920 praesumptione
1522 1877 1684 1917 conferri,
1713 1887 1790 1921 pro-

1051 1930 1192 1972 mulgata
1211 1930 1371 1974 imperiali
1393 1930 1634 1971 constitutione,
1655 1931 1750 1964 etiam
1776 1942 1793 1964 a

1050 1989 1209 2017 conventu
1230 1984 1399 2017 hominum
1415 1985 1606 2028 segregandi
1620 1985 1794 2018 iubeantur

1050 2038 1188 2078 excludi;
1212 2044 1371 2082 quatenus
1392 2038 1440 2071 bis
1460 2038 1629 2079 submotis,
1650 2044 1746 2083 atque
1761 2040 1792 2072 in

1049 2092 1231 2125 solitudinis
1242 2098 1397 2136 perpetua
1411 2093 1606 2135 relegatione
1620 2094 1789 2131 damnatis,

1049 2145 1206 2179 antistites
1227 2146 1377 2179 catholici
1393 2146 1535 2190 dereptis
1550 2147 1596 2179 vel
1615 2147 1793 2179 reddantur

1050 2199 1203 2240 ecclesiis,
1220 2200 1268 2233 vel
1283 2205 1443 2233 creentur.
1461 2201 1571 2244 Inque
1586 2210 1644 2233 nee
1663 2206 1791 2233 nostrae

1085 2321 1099 2347 4
1115 2321 1142 2347 111
1158 2305 1240 2348 duoli'.
1260 2329 1304 2347 1111.
1322 2319 1400 2347 codd.
1418 2320 1505 2348 etiam
1516 2320 1695 2347 desideratur.
1708 2320 1792 2348 Minus

1049 2361 1211 2432 1)815κ1;11111111.
1234 2401 1359 2436 septimo:
1385 2400 1419 2427 al.
1445 2408 1515 2426 nono
1536 2399 1578 2426 die
1594 2399 1702 2428 Octobr.
1730 2401 1789 2427 Vid.

1050 2441 1133 2468 Labb.
1151 2442 1199 2468 Cit.
1216 2440 1375 2468 autcmrod.
1387 2440 1454 2467 1344
1472 2439 1619 2467 sichabet:
1634 2442 1710 2469 Dela
1727 2441 1793 2468 VIII

1048 2482 1088 2509 iil.
1106 2482 1218 2517 Aprilis
1231 2485 1293 2516 post
1310 2480 1596 2508 consuluLBczsilisci
1612 2482 1699 2515 Any„
1716 2490 1754 2509 se.
1775 2483 1791 2509 G

1049 2522 1132 2558 April.
1149 2531 1211 2549 ann.
1230 2522 1291 2548 477.
1313 2521 1379 2548 jaffe
1389 2529 1434 2556 op.
1446 2529 1470 2547 e.
1484 2524 1592 2547 nostrae
1608 2521 1715 2549 lectioni
1728 2532 1790 2550 con-

1048 2567 1151 2631 sertiulilix
1168 2602 1250 2629 Mansi
1271 2603 1384 2630 Colles-I.
1403 2602 1509 2630 Concit.
1522 2606 1585 2630 10111.
1608 2609 1652 2632 vu,
1664 2603 1714 2629 col.
1727 2604 1789 2630 995.

1083 2644 1096 2670 7
1117 2655 1128 2667 «
1149 2643 1270 2677 Elapsus
1286 2653 1310 2669 ».
1329 2642 1434 2669 Contin.
1451 2643 1540 2671 Const.
1568 2643 1618 2669 loc.
1638 2642 1681 2669 cit.
1712 2643 1791 2670 Recte

1048 2684 1167 2720 quidem.

1827 274 1878 300 An.
1899 273 1927 300 C.
1943 273 1995 300 478

1812 1267 1908 1292 impl-rat.
1937 1275 1963 1287 an
1981 1275 1995 1286 ι-

1812 1294 1916 1314 {minimo
1926 1297 1994 1314 nitunt.
