2244 3183
246 240 296 267 An.
317 240 345 267 c.
380 240 432 269 503
478 232 542 263 9»ssss

786 291 839 324 11¹.
876 310 879 311 ν

447 373 574 404 Decreta
591 376 824 412 memorantur,
839 373 959 415 quibus
975 373 1106 406 vetitum
1123 373 1184 406 eto-

488 425 564 457 ri'oi's
588 435 602 457 e
629 425 696 456 mol<
728 425 883 468 episcopis
911 429 986 458 ante
1009 426 1186 458 sentcntiae

489 482 612 520 tempus
629 478 799 517 discedere,
818 483 846 511 et
866 478 1059 521 Pontificem
1079 479 1187 512 adhue

488 530 719 572 indamnatam
739 531 897 574 relinqui.

489 609 622 642 Nonne2
635 610 757 643 directa
777 616 851 643 sunt
870 611 966 644 verba
979 621 1140 645 canonum
1153 611 1185 644 ³?

259 671 431 698 cient-isahem·
445 661 645 705 Quicumque
665 662 857 696 elericorum
885 663 925 696 ab
946 663 1099 707 episeopo
1126 674 1185 698 suo

247 705 311 724 sempe
326 705 364 718 suo
381 702 429 719 antu

247 726 374 745 wiennam
389 731 429 745 non
445 721 517 749 ante
534 716 711 749 sententiae
731 723 856 760 tempus
880 727 940 760 pro
964 717 1063 750 dubia
1079 717 1185 761 suspi-

246 752 403 772 discedendum.

444 768 536 802 cione
565 769 764 809 discesserit,
792 770 992 803 manifestum
1020 780 1093 803 eum
1119 781 1186 803 ma-

443 831 522 854 nere
545 824 739 855 censuram?
767 823 807 856 Et
831 823 931 866 infra.
955 823 1017 856 Lex
1037 823 1186 857 ecelesia-

273 889 376 914 pflflum,
390 888 430 909 „isi
444 874 524 907 stica
539 874 726 908 Pontificem
746 876 784 908 ab
803 875 872 909 aliis
885 881 1081 917 accusatum,
1097 877 1186 920 prius

247 916 360 935 damnatus
396 915 430 938 sit,

246 948 288 962 mm
310 943 430 968 reunquun.
444 938 541 971 quam
565 928 624 961 sub
642 929 712 962 luee
730 929 856 963 obieeta
875 929 1066 971 constiterit,
1090 930 1187 974 exigit

248 969 295 989 ‘¹⁰³⁴'
445 990 511 1014 non
532 981 705 1025 1·elinqui⁴.

777 1142 848 1175 111⁵.

446 1250 637 1283 Ostemli'tar
651 1276 658 1290 ‚
687 1260 788 1293 neque
808 1250 948 1282 concilia
965 1250 1187 1293 provincialia

487 1303 557 1336 sine
570 1302 774 1346 Apostolicae
790 1301 882 1335 Sedis
902 1303 1068 1336 sanctione
1087 1303 1186 1346 quia-

486 1356 577 1399 piam
605 1355 761 1388 valitura.
912 1356 914 1358 ’

495 1476 507 1492 (ι
527 1462 670 1496 Concilia
693 1463 704 1477 ⁰
727 1462 934 1496 sacerdotum
965 1462 1189 1497 ecelesiasticis

283 1524 342 1545 Unde
358 1525 431 1545 couci-

247 1552 252 1571 l
446 1514 570 1557 legibus
583 1515 758 1558 quotannis
771 1515 901 1549 decreta
913 1526 972 1559 per
985 1516 1184 1559 provincias,

247 1557 430 1624 5¹3⁰ti¹ii¹1¹1¹1¹11¹223i13ii2
445 1568 521 1612 quia
538 1569 752 1612 praesentiam
773 1569 878 1612 Papae
898 1580 963 1602 non
984 1569 1114 1609 habent,
1137 1580 1189 1603 va-

446 1621 616 1655 litudinem
636 1621 907 1665 perdiderunt7».
932 1622 1080 1664 Legistis,
1105 1623 1189 1656 insa-

446 1674 585 1716 nissimi,
620 1674 795 1718 uliquando
816 1675 848 1708 in
870 1675 932 1708 illis
956 1680 1085 1719 praeter
1105 1686 1185 1719 apo-

485 1792 494 1818 1
514 1791 550 1818 Ex
566 1791 640 1819 Grat.
659 1800 733 1818 caus.
751 1798 807 1826 vul,
823 1801 850 1826 q.
866 1792 892 1823 ά,
909 1800 932 1818 e.
951 1794 975 1817 1.

483 1837 498 1862 ἰ.)
514 1837 552 1863 Iv.
570 1845 596 1871 p.
614 1843 722 1871 v1‚eap.
740 1837 801 1870 340,
818 1839 845 1863 et
859 1836 921 1863 341.

484 1881 499 1908 3
515 1880 619 1907 Euuod.
637 1888 755 1908 canones
765 1880 853 1907 innuit
868 1884 930 1907 ante
941 1880 1128 1915 Symmachum
1139 1882 1189 1909 hac

449 1925 481 1953 de
496 1934 525 1952 re
545 1925 643 1958 editos,
665 1929 694 1951 ut
708 1924 799 1952 videre
815 1928 857 1951 est
870 1925 941 1959 apud
957 1925 1056 1952 concil.
1075 1926 1187 1954 Cartha-

448 1970 560 2004 gineuse
580 1969 606 1996 in
623 1969 683 1996 eod.
701 1977 796 1996 canon.
813 1969 954 1996 insertum.

485 2015 501 2041 [ι
522 2014 597 2040 luxta
613 2014 684 2040 Pith.
701 2014 755 2041 dat.
774 2014 874 2041 Romae
886 2022 948 2041 anu.
965 2014 1028 2042 503.

484 2060 501 2086 ὖ
517 2059 553 2086 Ex
569 2060 642 2086 Grat.
659 2067 718 2086 rau.
736 2067 760 2085 v1
776 2059 835 2085 dist.
852 2065 917 2086 xvii.

484 2105 500 2130 0
519 2104 565 2131 lvo
586 2112 612 2138 p.
630 2111 666 2136 iv,
684 2112 742 2139 cap.
759 2103 821 2130 ⁹242.
845 2104 935 2130 Ansel.
951 2103 997 2131 lib.
1015 2111 1043 2136 u,
1059 2113 1119 2140 cap.
1135 2111 1189 2132 Lvl.

449 2148 587 2183 Polyearp.
599 2147 646 2174 lib.
660 2155 678 2181 1,
692 2147 731 2175 tit.
743 2154 795 2175 xvu
806 2147 878 2175 iuxta
886 2147 990 2175 Ennod.
999 2151 1100 2176 textum
1111 2149 1189 2184 Eryo

449 2193 583 2220 concilia.

485 2238 500 2264 7
517 2237 565 2264 llic
588 2237 613 2263 iu
639 2237 729 2264 libello
751 2236 856 2264 Enuozl.
877 2237 949 2273 apud
969 2237 1059 2272 Migne
1079 2245 1122 2272 op.
1144 2237 1189 2264 cit.

450 2285 515 2309 tom.
530 2288 606 2315 Lxui,
623 2281 674 2308 eol.
693 2282 742 2308 198
757 2281 939 2316 interrogandi
956 2284 1085 2317 punctum
1100 2281 1192 2317 appin-

449 2327 531 2362 gitur.
548 2326 614 2353 Suut
624 2326 695 2352 enim
709 2326 789 2353 verba
800 2325 969 2353 inimicorum
978 2325 1129 2360 Symmachi
1141 2325 1191 2353 hoc

450 2375 585 2406 tamquam
605 2371 751 2398 absurdum
768 2370 906 2406 quidpiam
922 2370 1117 2404 obiicientium,
1134 2370 1191 2406 qui—

449 2416 500 2442 bus
510 2415 648 2442 Euuodius
658 2416 814 2450 respondit:
831 2426 842 2441 a
855 2415 959 2450 Leslite,
971 2415 1189 2442 insanissimi».

450 2460 522 2487 llaec
536 2464 625 2487 autem
637 2460 728 2493 lectio,
741 2464 795 2486 ute
810 2468 886 2495 seqq.
902 2459 1027 2494 infertur,
1038 2459 1190 2486 adsensum

450 2504 556 2532 videtur
572 2504 659 2531 miuus
678 2508 749 2540 apta.

485 2551 501 2575 8
516 2550 560 2576 Al.
575 2549 769 2580 collationem,
790 2549 836 2576 sed
854 2557 994 2584 perperam
1005 2571 1012 2583 ‚
1030 2552 1059 2575 ut
1074 2548 1188 2575 videtur.

485 2596 502 2622 0
527 2594 585 2628 llic,
604 2593 649 2620 ubi
665 2593 699 2620 ab
715 2593 773 2620 aliis
789 2593 939 2619 affirmandi
965 2597 1091 2628 puuctum
1105 2601 1189 2628 appo-

450 2639 534 2672 nitur,
555 2638 665 2665 Bcrard.
695 2646 740 2673 op.
766 2638 812 2664 cit.
839 2638 981 2673 sequeutia
996 2637 1105 2671 subdit,
1122 2645 1191 2672 quae

964 245 1118 268 APPENDIX
1143 244 1289 269 BULLARII
1314 245 1431 269 nomm

1218 292 1323 326 stolici
1347 292 1446 337 apicis
1472 291 1669 325 sanctionem
1688 292 1810 336 aliquid
1830 292 1952 326 eonsti-

1220 350 1339 385 tutun13
1364 351 1394 379 et
1413 355 1478 378 non
1499 346 1538 378 de
1562 344 1739 378 maioribus
1759 345 1895 388 negotiis
1915 346 1954 379 ad

1219 398 1486 431 consultationem
1500 398 1521 437 ⁸,
1532 397 1557 431 si
1571 397 1648 441 quid
1662 398 1850 439 occurrerit,
1863 409 1956 442 prae—

1219 452 1302 485 satae
1325 451 1415 485 Sedis
1432 450 1566 484 arbitrio
1586 450 1682 484 fuisse
1701 451 1905 484 servatum&

1538 629 1576 662 iv
1591 628 1623 662 ¹¹¹.

1219 727 1410 770 Symmachi
1425 726 1634 768 achaemeniis,
1656 727 1716 770 qui
1735 737 1807 759 eum
1827 726 1959 759 dictita-

1264 780 1342 813 bant
1366 780 1451 823 ressis
1482 780 1572 812 iussu
1602 780 1838 823 propemodum
1860 780 1960 822 sitisse

1262 843 1324 865 sua
1348 833 1510 876 cligsnilate
1532 843 1735 876 suspensam,
1759 832 1959 865 demonstra-

1265 890 1319 918 tur
1341 885 1534 928 Pontificem
1570 885 1713 918 humano
1742 884 1864 918 iudicio
1894 895 1961 918 non

1263 939 1370 971 subdi.

1264 1035 1410 1069 Aliorum
1428 1033 1446 1051 ¹¹
1472 1035 1642 1069 hominum
1664 1045 1775 1069 causas
1794 1036 1877 1069 Deus
1900 1046 1957 1069 vo-

1219 1090 1278 1123 luit
1296 1090 1445 1123 homines
1465 1089 1654 1130 terminare,
1681 1090 1736 1123 sed
1761 1089 1851 1123 Sedis
1871 1089 1961 1123 istius

1219 1143 1376 1186 praesulis
1390 1142 1411 1159 ¹²
1423 1152 1482 1176 suo
1495 1142 1564 1176 sine
1583 1142 1773 1186 quaestione
1790 1142 1963 1176 reservavit

1219 1196 1365 1229 arbitrio.
1385 1195 1494 1229 Voluit
1518 1195 1602 1228 beati
1631 1195 1716 1229 Petri
1736 1195 1873 1239 apostoli
1892 1206 1963 1228 suc—

1220 1259 1363 1283 cessores
1394 1248 1492 1283 Coelo
1517 1254 1641 1282 tantum
1666 1248 1786 1282 debere
1806 1248 1962 1282 innocen-

1221 1302 1310 1343 tiam,
1334 1308 1364 1335 et
1387 1302 1587 1335 subtilissimi
1607 1302 1797 1335 discussoris
1817 1301 1963 1344 indagini

1220 1356 1405 1390 inviolatam
1427 1355 1579 1389 exhibere
1599 1355 1840 1389 conscientiam.
1858 1355 1964 1388 Nolite

1221 1410 1404 1450 aestimare,
1416 1420 1468 1442 eas
1488 1409 1611 1443 animas
1627 1409 1845 1452 inquisitionis
1857 1408 1879 1426 ¹³
1897 1419 1963 1442 non

1221 1463 1340 1496 habere
1365 1462 1582 1502 formidinem,
1606 1472 1685 1505 quas
1704 1462 1787 1495 Deus
1799 1472 1876 1505 prae
1889 1472 1962 1495 cae-

1223 1516 1299 1549 teris
1321 1527 1380 1549 suo
1406 1515 1579 1548 reservavit
1606 1514 1754 1548 examini.
1778 1515 1848 1548 Non
1867 1514 1965 1548 habet

1223 1570 1308 1614 apud
1335 1569 1426 1602 illum
1457 1579 1531 1602 reus
1556 1569 1595 1602 de
1626 1568 1828 1611 allegationis
1857 1568 1965 1602 nitore

1222 1622 1402 1656 subsidium
1418 1650 1425 1663 ‚
1463 1623 1594 1666 quando
1629 1622 1772 1666 ipsorum
1806 1622 1963 1655 sactorum

1222 1675 1326 1709 utitur
1345 1685 1384 1709 eo
1410 1680 1499 1715 teste,
1526 1685 1591 1719 quo
1612 1674 1728 1708 iudice.
1752 1674 1843 1708 Dicas
1865 1674 1961 1708 sorsi-

1223 1791 1361 1818 Eunodius
1384 1799 1398 1817 e
1423 1790 1524 1818 Concil.
1548 1790 1647 1817 Sardic.
1663 1798 1721 1825 cap.
1744 1796 1773 1816 111
1788 1789 1963 1825 deprompsit.

1222 1835 1267 1862 Sic
1286 1835 1358 1862 enim
1373 1834 1470 1861 habet:
1496 1835 1529 1862 δι’
1548 1834 1614 1869 quis
1629 1835 1836 1869 Episcoporum
1856 1833 1965 1861 iudicio

1220 1879 1400 1914 provinciali
1407 1879 1548 1914 depositus
1557 1879 1658 1914 suerit,
1670 1878 1963 1913 Romanmnpapam,

1222 1925 1247 1952 si
1263 1925 1368 1959 placet,
1386 1931 1487 1951 rursus
1503 1924 1637 1958 appellet,
1654 1925 1678 1950 et
1693 1923 1762 1957 ipse,
1787 1922 1814 1950 si
1838 1922 1964 1955 videtur,

1225 1971 1336 2004 reparet
1361 1967 1473 1995 iudicia
1493 1968 1525 1995 z'n
1541 1967 1729 2002 opitulatione
1743 1967 1886 1995 damnati.
1903 1967 1964 1993 Dat.

1222 2017 1311 2040 autem
1332 2013 1404 2040 iuxta
1419 2012 1488 2040 Pitli.
1505 2013 1608 2040 Romae
1622 2021 1686 2039 ann.
1703 2012 1764 2040 503.

1262 2058 1293 2085 10
1312 2058 1332 2085 Ε
1347 2058 1420 2085 Grat.
1446 2066 1520 2084 caus.
1537 2065 1577 2089 lx,
1595 2065 1621 2092 q.
1638 2057 1668 2090 3,
1690 2066 1714 2084 e.
1730 2057 1775 2090 14,
1791 2056 1836 2092 qui
1852 2065 1913 2083 eum
1933 2064 1965 2083 ex

1224 2102 1328 2129 Eunod.
1340 2101 1431 2129 libello
1442 2101 1589 2137 decerpsit,
1605 2105 1633 2128 ut
1645 2101 1734 2128 videre
1745 2104 1786 2128 est
1795 2100 1866 2136 apud
1881 2100 1961 2136 Mign.

1223 2156 1266 2183 op.
1283 2147 1327 2173 cit.
1347 2150 1411 2173 tom.
1428 2153 1511 2178 inn,
1532 2146 1583 2174 col.
1599 2146 1660 2173 200.
1679 2145 1762 2172 Porro
1782 2144 1844 2172 ideo
1866 2153 1965 2172 novum

1224 2196 1318 2220 eontra
1327 2191 1517 2227 Symmachum
1528 2190 1683 2225 suffragium
1695 2190 1752 2217 eius
1769 2189 1871 2217 inimici
1884 2198 1966 2225 quae-

1224 2237 1330 2271 rebant,
1346 2235 1428 2272 quod,
1445 2235 1507 2262 dato
1522 2243 1570 2271 per
1587 2234 1785 2262 Theodericum
1804 2234 1891 2261 Altino
1906 2233 1965 2270 epi—

1224 2290 1306 2316 scopo
1321 2282 1461 2308 Romanae
1485 2280 1557 2307 Eecl.
1581 2279 1726 2313 visitatore,
1748 2278 1824 2306 illum
1844 2278 1897 2306 iam
1917 2287 1967 2306 sua

1224 2325 1384 2353 auctoritate
1405 2324 1598 2360 propemodum
1618 2332 1778 2360 suspensum
1794 2323 1963 2350 dictitabant.

1225 2370 1277 2397 Sed
1289 2369 1393 2397 Enuod.
1405 2368 1455 2397 hoc
1466 2376 1581 2403 canone,
1593 2368 1638 2404 qui
1649 2368 1750 2395 Summi
1764 2367 1900 2394 Pontificis
1912 2366 1966 2402 pri·

1225 2418 1336 2446 matum,
1353 2418 1380 2441 et
1394 2414 1420 2441 S.
1433 2414 1462 2442 A.
1482 2412 1696 2449 praerogativam
1715 2412 1842 2445 illustrat,
1862 2411 1965 2438 irritam

1225 2468 1284 2486 esse
1306 2459 1452 2486 visitatoris
1471 2458 1550 2485 huius
1570 2457 1764 2484 institutionem
1784 2455 1910 2483 ostendit.

1261 2505 1290 2530 11
1310 2503 1353 2530 lvo
1370 2512 1394 2538 p.
1413 2512 1437 2535 v,
1454 2511 1477 2529 e.
1495 2504 1537 2529 10.
1557 2502 1644 2537 l‘olyc.
1662 2501 1708 2528 lib.
1725 2508 1732 2527 ι
1748 2501 1787 2527 tit.
1803 2509 1856 2527 xvi.
1873 2500 1962 2527 Ausel.

1225 2547 1271 2574 lib.
1290 2556 1308 2579 ι,
1324 2557 1346 2573 c.
1365 2554 1438 2573 xxiv.
1462 2546 1548 2573 'l'rove
1564 2545 1724 2572 Pannormia
1743 2544 1789 2571 lib.
1809 2552 1845 2578 iv,
1862 2553 1886 2571 e.
1903 2551 1928 2570 v.

1263 2593 1294 2617 1⁴2
1310 2591 1348 2618 Al.
1368 2599 1427 2617 rum
1444 2590 1549 2617 Emiod.
1567 2593 1638 2617 textu
1651 2588 1825 2623 praesulem.

1263 2636 1293 2663 13
1310 2646 1320 2659 (ι
1339 2635 1381 2662 Al<
1397 2636 1430 2661 ste
1446 2633 1667 2669 inquisitoribus
1681 2643 1707 2659 ».
1730 2632 1799 2658 Puh.

2011 1044 2091 1065 Summi
2105 1045 2160 1066 Pon-

1976 1070 2038 1091 tineis
2058 1071 2160 1092 iudicium
2203 1079 2206 1081 ·
2224 1079 2228 1082 ·

1976 1097 2048 1118 divino
2071 1097 2159 1118 arbitrio

1977 1126 2116 1145 reservatum.

2017 1414 2090 1440 Neque
2113 1413 2163 1434 ideo

1977 1441 2065 1461 liuentia
2079 1446 2100 1461 m
2109 1440 2162 1461 Pon·

1979 1467 2035 1488 tilice
2045 1466 2158 1494 pcrtimeu-

1979 1494 2015 1515 da.
