2244 3183
230 207 280 234 An.
299 208 326 234 C.
344 208 395 235 493

296 524 307 542 Α
326 530 410 543 iliarum>

229 549 267 569 bus
274 550 365 570 iudi->ata
374 556 412 570 uun

231 577 303 596 tincti
310 577 371 597 end-i.

238 1820 353 1846 Pelagium
364 1821 413 1841 hae·

231 1852 284 1866 resis
306 1852 317 1866 a
341 1848 362 1867 S⁴
378 1848 414 1872 Ap.

230 1873 412 1898 pluriesdainnata

459 198 522 231 278
947 209 1098 233 ArrENDtx
1125 208 1275 234 BULLARII
1296 210 1416 235 nonAni
1978 215 2027 243 An.
2045 216 2074 243 c.
2091 217 2143 245 493

428 267 537 291 rursus
562 268 737 301 provocare
763 267 820 290 nos
846 258 980 298 audeat,
1009 262 1039 290 et
1064 257 1168 301 palam

428 311 518 344 novis
540 311 713 354 resumptis
738 310 868 350 viribus,
897 316 1072 355 aperteque
1093 321 1169 344 con-

429 365 526 407 fligat.
551 365 632 398 Num
655 365 810 408 quidnam
832 365 905 399 licet
925 365 1020 399 nobis
1040 376 1058 398 a
1078 376 1167 399 vene·

428 417 536 450 randis
554 417 701 450 Patribus
716 419 867 451 damnata
881 418 1067 459 dissolvere,
1084 424 1114 452 et
1131 419 1170 452 ab

429 471 491 504 illis
512 471 616 505 excisa
643 472 765 504 net'aria
792 473 943 513 dogmata
973 474 1170 506 retractare?

429 525 510 564 Ouid
532 532 578 559 est
598 537 675 568 ergo
696 527 783 570 quod
812 537 1009 570 magnopere
1033 537 1168 570 praeca-

430 590 555 619 vemus,
580 589 619 611 ne
645 579 814 612 cuiuslibet
837 579 978 613 haeresis
999 580 1099 613 semel
1118 580 1169 613 de-

430 631 511 665 iecta
528 632 688 675 pernicies
713 633 752 665 ad
775 643 909 665 examen
935 633 1042 666 denuo
1063 632 1172 665 venire

430 686 625 718 contendat?
646 686 676 718 Si
699 696 780 729 quae
807 686 986 729 antiquitus
1013 697 1029 717 a
1055 686 1172 719 nostris

431 738 606 772 maioribus
620 739 758 781 cognita,
774 739 928 779 discussa,
940 740 1076 772 refutata
1088 744 1172 781 sunt,

430 793 641 825 restauranda
666 791 846 825 nitamur¹:
871 803 979 825 nonne
1005 792 1064 836 ipsi
1089 803 1168 833 nos,

429 846 515 889 quod
536 846 629 886 absit,
654 852 684 879 et
704 846 790 890 quod
812 856 990 890 numquam
1013 846 1172 879 catholica

428 899 569 943 patietur
582 900 727 941 ecclesia,
745 900 934 934 adversariis
948 900 1089 934 veritatis
1102 900 1172 933 uni-

429 953 526 986 versis
545 958 657 986 contra
674 964 732 987 nos
751 954 940 996 resurgendi
958 953 1171 997 proponimus

429 1009 610 1052 exemplum
623 1010 638 1040 Ἴ
664 1008 721 1041 lJbi
749 1015 793 1042 cst
820 1009 907 1052 quod
928 1009 1082 1053 scriptum
1102 1010 1171 1041 est?

433 1062 598 1095 Tri-minos
616 1066 749 1105 patrum
774 1067 902 1095 luorum
925 1073 990 1095 uon
1013 1067 1171 1105 isatis-(ffe-

431 1115 531 1147 {lieris
546 1114 556 1131 2
577 1120 632 1148 εἰς.
654 1116 826 1158 Interroya
836 1120 946 1159 patres
961 1119 1041 1156 tuos,
1065 1120 1092 1148 et
1106 1126 1168 1148 ‹cn-

429 1169 631 1201 ›mntz'abunt
665 1169 724 1201 tibi
738 1180 747 1205 ,·
781 1173 809 1201 ct
841 1169 981 1202 seniores
1020 1173 1110 1208 ticos,
1144 1173 1171 1201 et

429 1222 535 1255 dicen(
554 1223 613 1255 libi
628 1222 667 1254 ³?
692 1222 774 1261 Quid
796 1233 872 1265 ergo
898 1222 1059 1256 tendimus
1088 1222 1172 1256 ultra

430 1275 561 1309 delinita
579 1275 753 1317 maiorum,
773 1281 828 1309 aut
841 1287 899 1309 cur
916 1276 1009 1309 nobis
1027 1287 1092 1310 non
1109 1277 1173 1310 suf-

430 1329 515 1362 ficit‘?
536 1329 566 1363 Si
592 1329 670 1373 quid
695 1329 880 1372 ignorantes
905 1329 1030 1363 discere
1057 1329 1169 1374 cupia—

430 1394 511 1423 mus,
536 1382 676 1426 qualiter
696 1384 735 1416 ab
764 1383 953 1416 orthodoxis
977 1383 1122 1427 patribus
1143 1390 1171 1417 et

429 1436 611 1470 senioribus
645 1436 772 1480 singula
797 1447 946 1481 quaeque
970 1437 1019 1471 rel
1043 1437 1173 1471 vitanda

428 1496 601 1534 praecepta
629 1496 719 1532 sunt,
749 1492 797 1524 vel
823 1492 963 1536 aptanda
995 1491 1173 1525 catholicae

429 1545 570 1585 veritati3
595 1556 653 1578 cur
673 1555 737 1578 non
763 1545 812 1579 his
829 1546 1009 1590 probantur
1029 1556 1097 1579 csse
1119 1546 1172 1579 de-

429 1603 515 1631 creta
525 1599 540 1630 ‘J
560 1599 724 1642 Numquid
739 1604 792 1632 aut
806 1599 1018 1642 sapientiores
1035 1599 1097 1632 illis
1115 1611 1169 1633 su-

430 1663 511 1692 mus,
533 1658 588 1685 aut
603 1652 782 1696 poterimus
796 1652 890 1685 firma
908 1652 1079 1685 stabilitate
1097 1663 1173 1686 cen-

429 1711 525 1745 stare,
543 1705 567 1739 si
581 1716 628 1746 ea,
646 1716 729 1749 quae
749 1706 788 1738 ab
810 1705 873 1739 illis
894 1705 1065 1739 constituta
1086 1711 1169 1746 sunt,

429 1759 623 1792 subruamus
632 1760 646 1791 ⁴?
660 1760 707 1792 An
722 1760 856 1792 sortasse
866 1759 995 1792 nescitis
1004 1759 1087 1793 hanc
1098 1760 1174 1792 liae-

432 1813 540 1853 rcsim,
558 1814 596 1846 de
615 1824 678 1857 qua
693 1813 868 1857 loquimur,
893 1818 924 1846 et
943 1813 982 1846 ab
997 1813 1173 1857 apostolica

430 1867 552 1900 dudum
574 1867 655 1900 Sede
676 1878 733 1911 pcr
752 1867 864 1900 beatae
882 1867 1060 1900 memoriae
1078 1868 1173 1900 Inno-

431 1919 584 1960 centium,
600 1931 636 1952 ac
647 1920 764 1953 deinde
775 1920 949 1961 Zosimum,
961 1920 1173 1962 Benisaciurn,

430 1973 642 2013 Celestinum,
666 1973 807 2013 Sixtum,
842 1974 982 2006 Leonem
1012 1974 1173 2008 continuis

431 2032 459 2059 et
479 2026 723 2060 incessabilibus
736 2027 903 2060 sententiis
924 2027 1020 2061 fuisse
1034 2034 1175 2071 prostra-

432 2087 511 2120 tam3
536 2091 595 2114 nec
617 2086 738 2114 tantum
761 2081 913 2114 ecclesiae
931 2081 1108 2115 catholicae
1127 2082 1173 2115 le-

431 2134 541 2176 gibus,
569 2134 623 2167 sed
649 2134 831 2178 principum
858 2145 988 2179 quoque
1013 2135 1173 2169 Romano-

432 2199 502 2220 rum
518 2199 555 2221 eo
569 2193 679 2221 tenore
694 2188 891 2228 damnatam,
909 2194 944 2221 ut
956 2199 1016 2222 nec
1036 2200 1172 2233 usquam

433 2247 591 2274 terrarum
618 2240 743 2274 vivendi
772 2241 878 2274 locum
904 2247 1079 2275 sectatores
1105 2242 1173 2276 eius

471 2358 480 2384 1
500 2357 551 2384 cit.
573 2357 633 2384 cod.
649 2358 717 2385 5617
739 2357 771 2384 ad
796 2365 881 2393 marg.
905 2357 988 2385 babet
1008 2361 1174 2387 restaurare

434 2402 575 2430 nitamur.

469 2447 484 2473 2
499 2447 579 2473 Prov.
604 2453 670 2481 xxii,
695 2447 738 2478 28,
755 2448 799 2475 ubi
823 2448 895 2484 apud
911 2447 988 2483 Vulg.
1009 2447 1047 2474 sic
1061 2447 1173 2483 legitur:

435 2491 475 2518 Ne
491 2491 720 2525 [rans-yrediaris
732 2492 869 2520 terminos
884 2492 1029 2526 antissam,
1046 2500 1115 2526 quos
1124 2501 1173 2527 po·

434 2538 554 2563 suerunt
570 2539 668 2570 patres
683 2537 735 2564 tusi.

471 2581 486 2608 3
503 2580 611 2608 Deuter.
629 2588 710 2615 xxxii,
729 2582 754 2616 7,
765 2581 810 2608 ubi
826 2581 902 2617 Vulg.
917 2582 1175 2617 inquiulnterroya

432 2627 549 2660 patrem
573 2629 663 2661 citum,
679 2628 706 2654 et
720 2626 910 2655 aummtiabic
925 2626 988 2654 tibi.

1206 257 1325 292 babere
1338 259 1540 293 sinerentur?
1554 261 1639 300 Quae
1653 262 1761 295 omnia
1776 269 1838 296 tam
1850 263 1944 306 gestis

1206 312 1359 346 ecclesiae
1386 324 1444 356 per
1467 313 1608 355 singulas
1633 325 1777 359 quasque
1798 316 1944 359 regiones

1206 365 1244 398 de
1266 376 1377 398 eorum
1399 366 1554 409 pravitate
1571 367 1734 408 consectis,
1758 379 1852 412 quam
1872 381 1945 403 cen-

1205 428 1298 451 surae
1323 419 1471 462 publicae
1500 420 1720 453 sanctionibus
1755 422 1941 456 edocentur.

1206 472 1285 505 Ecce
1302 473 1523 516 quorumlibet
1536 484 1629 507 aures
1644 474 1818 509 catholicas
1832 477 1945 510 audire
1977 490 2073 519 ‚Pelagio
2088 491 2145 512 uan-

1206 526 1397 566 doctrinam‚
1415 526 1619 570 quaestiones
1633 528 1792 572 accipere,
1811 534 1946 563 tractare
1961 517 2145 569 {ll-?,¹i¹‚¹;''i⁵,‘'³¹‘¹⁹¹*⁰'

1207 579 1395 620 tendiculas,
1419 585 1451 613 et
1471 580 1687 624 blasphemias
1707 582 1866 625 patienter
1886 584 1944 617 ad-

1207 632 1343 666 mittere.
1368 632 1392 666 O
1412 633 1436 666 si
1458 634 1625 667 studerent
1641 635 1793 669 adversus
1814 647 1868 670 eos
1882 648 1948 670 ma-

1206 685 1311 718 iorum
1328 692 1514 719 nostrorum
1534 687 1634 720 libros
1654 698 1874 733 responsaque
1893 700 1947 723 co-

1206 749 1372 780 gnoscere,
1389 739 1454 772 illie
1466 739 1571 773 modis
1584 740 1735 774 omnibus
1749 748 1948 784 cerneretur,

1206 792 1285 825 nibil
1307 803 1375 826 esse
1394 803 1539 837 prorsus,
1563 795 1651 838 quod
1671 805 1736 828 non
1749 795 1758 812 ‘²
1773 801 1803 829 et
1823 796 1862 830 ab
1881 796 1948 830 istis

1207 845 1304 879 suerit
1332 846 1539 887 ventilatum,
1570 854 1600 881 et
1624 849 1663 882 ab
1689 849 1751 883 illis
1776 850 1947 893 magnifica

1206 899 1338 933 veritate
1358 900 1544 934 contritum;
1565 901 1682 946 Sicque
1699 903 1738 936 de
1756 903 1878 937 cunctis
1895 915 1948 938 ee-

1206 963 1278 986 rum
1307 953 1460 997 nequitiis
1484 954 1664 988 refutandis
1693 954 1806 990 fideles
1826 956 1948 1001 quique

1206 1006 1421 1040 redderentur
1444 1007 1609 1049 instructi,
1637 1015 1673 1041 ut
1703 1009 1783 1041 nihil
1810 1010 1948 1054 amplius

1207 1066 1428 1104 quaereretur.
1457 1060 1518 1095 Sed
1542 1061 1567 1094 si
1588 1062 1721 1095 forsitan
1740 1063 1750 1077 ³·
1770 1062 1948 1097 ineruditos

1207 1113 1331 1147 animos
1345 1115 1504 1157 quaedam
1519 1115 1558 1148 de
1572 1125 1686 1149 eorum
1707 1115 1854 1149 sensibus
1873 1126 1948 1160 pro-

1207 1167 1311 1211 posita
1330 1169 1618 1209 coinmoverunt⁶3
1646 1169 1690 1202 ita
1715 1169 1947 1203 venerabilium

1207 1221 1338 1254 Patruin
1369 1221 1524 1256 doctrinis
1553 1228 1583 1256 et
1615 1222 1720 1256 omnis
1745 1233 1858 1256 eorum
1882 1235 1945 1268 pu-
1990 1236 2088 1258 Eiusdem
2103 1237 2148 1267 iuss

1206 1274 1347 1308 blicatur
1370 1275 1507 1317 insania,
1531 1281 1561 1309 et
1582 1276 1702 1321 quibus
1721 1277 1873 1311 remediis
1894 1289 1950 1311 cu·
1962 1262 2148 1311 fisstrffiandii'ffm'

1206 1333 1306 1369 retur,
1335 1329 1532 1371 ostenditur,
1561 1336 1596 1363 ut
1620 1341 1656 1364 ex
1681 1330 1741 1372 liis,
1764 1331 1829 1365 Deo
1848 1342 1945 1375 prae-

1206 1386 1320 1423 stante,
1333 1382 1500 1426 praevisis,
1523 1388 1649 1424 cuncta,
1673 1394 1755 1428 quae
1776 1384 1815 1417 de
1836 1395 1948 1418 eorum

1207 1435 1288 1469 serie
1302 1441 1483 1478 texuerunt,
1500 1442 1531 1470 et
1542 1437 1726 1480 periculosa
1738 1437 1946 1479 sectantibus,

1207 1494 1237 1522 et
1250 1489 1345 1522 stulta
1359 1489 1676 1534 deprehendentibus
1686 1502 1753 1525 esse
1766 1491 1947 1525 videantur:

1207 1543 1250 1576 ita
1270 1549 1305 1577 ut
1324 1544 1350 1577 si
1368 1544 1439 1588 quis
1457 1545 1616 1579 existimet
1630 1546 1866 1588 reluctandum,
1883 1557 1948 1580 non

1208 1602 1314 1631 tamen
1344 1604 1489 1632 veterum
1530 1599 1698 1633 sententiis
1729 1600 1949 1634 contradictor

1207 1650 1331 1691 existat,
1343 1652 1399 1685 sed
1412 1652 1574 1686 humanae
1587 1653 1694 1694 saluti,
1706 1653 1949 1699 catholicaeque

1207 1704 1375 1738 doctrinae
1393 1706 1499 1749 palam
1514 1716 1547 1739 se
1561 1711 1737 1750 aperteque
1756 1706 1949 1751 profiteatur

1208 1756 1394 1799 inimicum,
1423 1769 1488 1802 quo
1513 1759 1615 1802 magis
1642 1759 1794 1793 attentius
1814 1760 1948 1804 pervigil

1208 1823 1285 1845 cura
1302 1818 1467 1856 pastorum
1481 1823 1499 1845 a
1513 1812 1612 1846 sacris
1625 1813 1776 1856 gregibus
1796 1813 1947 1857 luporum

1208 1867 1304 1900 debet
1327 1877 1438 1900 arcere
1459 1866 1637 1900 saevitiam.
1666 1867 1748 1900 Num
1769 1867 1948 1911 quidquid⁷

1208 1921 1320 1954 ovibus
1333 1920 1450 1954 sanctis
1468 1921 1621 1954 acciderit
1637 1921 1823 1955 detrimenti
1851 1931 1947 1965 prae-

1208 1975 1313 2007 sulum
1340 1975 1447 2018 (quod
1474 1974 1575 2017 absit)
1608 1974 1739 2008 damnet
1770 1974 1946 2015 incuriam,

1207 2027 1289 2061 sicut
1303 2038 1320 2061 a
1334 2027 1533 2070 regeneratis
1560 2027 1743 2070 agminibus
1763 2027 1948 2060 nocentium

1208 2081 1355 2125 depulsio
1389 2081 1565 2114 bestiarum
1597 2081 1766 2114 custodum
1797 2081 1950 2125 praemiis

1208 2141 1401 2179 perpetuum
1416 2134 1600 2179 procuravit
1613 2139 1822 2177 augmentum
1832 2135 1847 2166 7
1860 2134 1950 2178 Certe

1208 2189 1251 2229 si,
1275 2194 1310 2221 ut
1329 2188 1431 2231 inagis
1449 2193 1609 2232 optamus,
1632 2188 1718 2221 salsis
1738 2188 1817 2221 haec
1838 2198 1949 2221 rumo-

1207 2242 1297 2276 ribus
1314 2242 1378 2276 sint
1389 2242 1505 2283 relata,
1522 2241 1716 2286 quantocius
1729 2241 1950 2275 desideramus

1242 2358 1258 2384 [ι
1277 2358 1345 2393 Reg.
1371 2356 1454 2385 Paris.
1484 2365 1545 2384 cum
1565 2365 1592 2384 n.
1621 2357 1682 2385 cod.
1712 2356 1778 2384 4961
1807 2364 1948 2392 perperam

1207 2402 1295 2429 omitt.
1312 2410 1380 2429 non.

1243 2447 1260 2473 5
1279 2446 1342 2475 Cod.
1365 2447 1425 2474 Vat.
1441 2447 1510 2475 5617
1530 2448 1642 2481 forsan.

1243 2492 1259 2518 6
1279 2492 1318 2518 Ita
1338 2496 1364 2519 et
1379 2492 1423 2518 cit.
1447 2491 1518 2524 eod.;
1535 2491 1580 2518 alii
1591 2499 1655 2519 vero
1667 2493 1885 2519 commoverent.
1897 2489 1948 2519 Me-

1209 2536 1271 2570 lius,
1288 2540 1317 2563 ut
1329 2536 1458 2571 arbitror,
1476 2545 1502 2563 n.
1519 2536 1611 2564 lectio.

1244 2581 1259 2607 7
1280 2581 1328 2608 Cit.
1353 2581 1413 2609 cod.
1434 2581 1502 2609 5617
1528 2580 1562 2608 ad
1585 2588 1670 2617 marg.
1695 2588 1837 2616 perperam
1864 2580 1906 2609 Ne
1924 2581 1949 2608 si

1210 2625 1290 2661 quid.
