2244 3183
258 245 308 271 An.
324 243 352 270 C.
374 241 425 269 483

282 466 381 491 naphaei
396 465 441 483 viu<

256 500 260 511 ι
291 495 381 513 ruricula.

263 1691 284 1710 tn
296 1690 383 1713 trisagio
393 1694 433 1709 non

248 1718 293 1737 suta
304 1716 350 1736 Filii
363 1721 433 1741 ρει-εο-

248 1750 281 1765 na.
290 1743 327 1763 sed
337 1745 380 1762 tnta
389 1742 434 1762 'rri-

247 1771 304 1790 nitas
330 1769 433 1795 glorifica-

248 1800 288 1818 tur.

489 230 552 253 ἰδ-Ὑί)

490 247 552 264 ,avj-1

457 288 695 322 venerabilibus
724 288 882 331 epis-copis
913 287 973 321 sibi
999 287 1006 304 ¹
1035 288 1198 329 subiectis,

458 342 611 386 quoniam
626 342 771 385 ipsorum
791 341 1010 374 nionimenta²
1024 352 1088 375 non
1105 343 1201 376 susti-

458 395 565 429 nuisti.
586 396 785 439 Quandoque
803 395 889 428 enim
910 395 989 429 dicis
1013 395 1199 429 Trinitatem

457 456 591 492 propter
617 459 675 481 nos
700 448 904 489 crucifixam,
928 458 992 481 non
1017 448 1197 489 Christum,

457 503 652 546 quandoque
673 509 780 536 autem
797 503 1011 536 immortalem
1031 503 1197 547 Spiritum,

457 556 709 593 manichaizans;
733 557 929 600 quandoque
950 557 988 589 ab
1015 557 1081 590 istis
1105 557 1199 590 [111111-

455 608 563 649 giens,
594 609 673 642 meis
702 610 901 651 argumentis
930 610 1145 653 reprehensus
1169 617 1198 643 et

454 662 669 703 sermonibus,
683 663 800 703 dixisti,
810 663 968 697 Christum
985 669 1053 707 post
1066 664 1198 696 immor-

455 715 548 748 talem
567 716 718 759 Spiritum
738 716 919 760 passionem
942 717 1141 757 sustinuisse,
1158 716 1199 749 si-

453 769 740 802 ‹·utSamosatenus
758 775 788 802 et
803 769 967 803 Nestorius
980 780 1081 802 unum
1094 769 1196 802 silium

454 824 631 857 dividentes
649 823 680 856 in
702 823 887 857 dualitatem
912 823 1068 860 filiorum;
1094 834 1197 867 quan-

455 877 562 920 doque
588 882 693 910 autem
720 882 747 909 et
775 877 823 909 his
843 876 963 910 cessisti
988 887 1053 910 non
1085 877 1194 910 detre-

455 931 583 971 ctando,
607 936 638 963 et
664 930 776 964 venisti
795 931 835 964 ad
856 931 958 974 peius,
982 941 1045 964 non
1068 931 1194 974 glorifi-

453 984 556 1016 cando
582 984 791 1017 cherubicum
822 984 989 1028 hymnum,
1018 985 1057 1018 ad
1078 985 1194 1018 Filium

453 1037 571 1070 referre
596 1037 806 1080 praestolanti
837 1043 979 1070 tremore
1011 1038 1197 1074 ανενδοιαςως

453 1090 678 1124 venerabiliter
691 1090 839 1124 similiter
858 1091 1055 1131 Trinitatem,
1079 1091 1133 1123 sed
1150 1096 1196 1123 to-

452 1149 518 1176 tum
540 1144 694 1188 hymniun
716 1144 755 1177 ad
773 1144 888 1177 Filium
911 1144 1065 1185 referre3,
1086 1145 1195 1177 volens

453 1196 584 1229 firmare
610 1197 762 1230 morbum
784 1197 889 1230 caneri
912 1197 1074 1237 rodentis,
1099 1208 1195 1240 quein

451 1250 678 1283 innocentibus
693 1250 836 1291 intulisti;
851 1256 881 1283 et
892 1250 965 1283 inde
979 1250 1084 1283 omnis
1098 1261 1194 1292 gene-

452 1304 494 1337 ris
518 1304 687 1337 haeresum
724 1304 846 1347 laqueis
877 1304 1194 1348 circumpraecipita-

451 1365 512 1398 tus,
529 1368 545 1390 a
563 1357 694 1390 veritate
707 1357 826 1398 exiens,
844 1367 908 1390 non
922 1357 1088 1401 praedicas
1106 1357 1195 1392 Chri-

449 1416 532 1444 stum
555 1421 614 1454 pro
640 1411 734 1444 nobis
763 1410 968 1451 crucifixum,
996 1422 1055 1444 nec
1075 1411 1191 1454 unige-

449 1464 552 1497 nitum
586 1464 702 1497 Filium
728 1464 794 1504 Dei,
819 1464 873 1509 qui
896 1464 926 1496 in
949 1464 1056 1497 medio
1076 1465 1190 1506 Patris,

449 1523 480 1550 et
500 1517 637 1561 Spiritus
650 1517 756 1551 Sancti
771 1523 828 1557 est,
848 1517 900 1562 pie
920 1517 1093 1559 glorificas.
1111 1518 1193 1557 Ouid

449 1571 535 1604 enim
554 1570 613 1604 isto
629 1571 731 1613 magis
752 1570 969 1611 interdictum,
993 1571 1085 1604 Patre
1103 1582 1121 1604 a
1138 1582 1193 1605 vo-

448 1624 497 1657 bis
509 1630 539 1658 et
556 1625 672 1658 Sancto
686 1624 807 1668 Spiritu
822 1635 884 1658 non
897 1625 1100 1667 glorificato?
1113 1626 1192 1659 Nam

450 1678 645 1711 calumniam
666 1678 833 1722 Seraphim
846 1688 899 1710 vos
911 1678 1044 1719 infertis,
1058 1678 1113 1722 qui
1126 1679 1194 1711 Tri-

449 1731 583 1764 nitatem
605 1741 670 1764 non
696 1731 800 1764 dicitis
829 1731 1086 1773 glorificandam,
1108 1733 1189 1765 San-

450 1791 530 1825 ctus,
553 1790 692 1825 sauctus,
716 1790 854 1823 sanctus,
875 1785 931 1818 sed
949 1785 1053 1818 solum
1074 1796 1190 1828 perso-

448 1838 563 1871 naliter
582 1838 710 1871 Filium.
726 1838 758 1870 Et
776 1848 858 1882 quae
875 1838 1098 1882 praecipitatio
1111 1839 1189 1872 hae-

447 1902 554 1924 resum
581 1892 623 1924 ita
650 1892 834 1933 confundit,
870 1891 951 1925 idest
987 1892 1193 1935 impudenter

447 1945 522 1987 egit,
550 1945 631 1978 sicut
658 1946 736 1978 vos?
762 1945 990 1979 Verumtamen
1016 1951 1047 1979 et
1075 1945 1106 1978 in
1132 1946 1192 1979 isto

447 2009 641 2042 percurrens
662 1998 767 2031 adhuc
788 1998 900 2031 novius
913 1999 922 2015 ⁴
940 1998 1138 2039 ascendistis,
1163 2005 1193 2032 et

447 2053 696 2095 strangulandas
727 2052 873 2085 infamias
903 2063 919 2085 a
944 2053 1009 2086 Deo
1034 2052 1188 2093 adiicitis,

448 2106 564 2139 Filium
585 2106 744 2148 videlicet,
765 2107 892 2140 Patrem
912 2107 1106 2140 etSanctum
1120 2106 1191 2150 Spi-

447 2159 544 2192 ritum
584 2160 882 2201 sabellianizantes,
915 2160 1009 2193 simul
1050 2160 1189 2194 coniun-

448 2224 523 2252 gere
544 2213 733 2247 iudicantes.
757 2214 947 2247 Trinitatem
969 2214 1116 2247 confiteri
1135 2225 1191 2247 ne-

448 2267 539 2307 gatis,
559 2267 590 2299 in
612 2278 674 2310 qua
695 2267 895 2310 baptizamus
915 2272 947 2300 et
967 2267 1128 2300 credimus
1161 2273 1192 2300 et

448 2322 652 2355 confitemur.
684 2322 760 2361 Quis
788 2333 864 2365 crgo
894 2333 957 2355 non
989 2322 1122 2355 defleret
1147 2322 1191 2355 sic

449 2375 592 2409 ‹lii-entes
623 2376 662 2409 de
697 2376 890 2410 intemerato
920 2376 1069 2418 trisagio,
1104 2377 1191 2420 quod

486 2475 494 2498 t
514 2472 553 2499 Al.
570 2473 632 2500 tibi.
648 2473 714 2500 Male
733 2477 827 2501 contra
840 2482 930 2509 graec.
952 2477 1064 2509 textum,
1086 2473 1131 2509 qui
1153 2473 1191 2501 sic

448 2517 548 2545 habet:
567 2528 600 2542 ιισ
615 2528 656 2545 την
672 2528 760 2552 ενοριαν
776 2528 844 2543 sturm
859 2519 920 2546 eius
938 2519 1007 2547 iuri.

483 2562 499 2588 ⁶2
519 2562 559 2589 ΛΙ.
577 2563 700 2590 monita.
722 2563 818 2590 Graec.
837 2567 898 2590 text.
919 2573 1096 2595 υπομνηματων.

483 2606 499 2633 3
520 2606 567 2634 llic
582 2607 691 2643 quidem
707 2607 790 2643 antiq.
809 2616 877 2635 vers.
901 2608 981 2635 videt.
1004 2607 1190 2643 praeferenda.

448 2651 508 2678 vid.
524 2651 607 2687 igitur
619 2651 669 2679 vol.
683 2658 690 2679 1
702 2660 727 2678 n.
741 2651 818 2687 edit„
832 2660 893 2688 pag.
904 2652 948 2685 90,
962 2652 1044 2679 col-⁰2.
1057 2651 1107 2679 sub
1119 2652 1190 2679 med.

983 240 1143 264 APPENDlx
1162 240 1313 266 BULLARII
1332 241 1454 266 ROMANI

1236 289 1314 322 mihi
1345 290 1437 323 valde
1463 289 1613 323 convenit
1639 289 1790 330 refutare,
1814 294 1843 322 et
1865 289 1976 322 ssetum

1236 343 1350 376 merito
1371 343 1447 376 dare
1468 343 1499 375 in
1513 342 1572 376 hos
1585 342 1766 375 animarum
1780 342 1976 386 simplicium

1236 396 1447 437 cavillatores,
1463 407 1498 429 ar
1514 396 1650 440 impium
1665 395 1786 428 facinus
1807 396 1973 438 fingentes,

1236 460 1317 493 quos
1338 456 1365 483 et
1390 450 1512 483 alienos
1533 449 1714 492 putavimus
1735 449 1773 482 ab
1798 449 1976 482 orthodoxa

1235 503 1298 536 tide
1308 510 1336 536 et
1348 503 1505 536 catholica
1515 502 1665 543 Ecclesia,
1680 508 1710 535 ct
1721 513 1735 534 a
1747 502 1976 535 communione

1235 556 1325 588 duris
1353 556 1452 589 nostri
1483 555 1613 597 gloriosi
1646 555 1859 599 praecessoris
1876 555 1972 596 Petri,

1234 609 1289 652 qui
1310 610 1413 642 claves
1435 609 1523 651 regni
1542 620 1558 641 a
1579 609 1742 643 Salvatore
1756 614 1866 642 nostro
1888 619 1976 642 rece-

1234 662 1304 705 pii?
1334 662 1392 701 Qui
1419 667 1526 695 autem
1552 662 1724 706 participes
1749 662 1885 705 apostoli
1906 673 1975 695 csse

1234 716 1355 757 volunt,
1380 717 1542 749 ducuntur
1566 722 1596 749 et
1616 716 1761 749 doctrina
1780 716 1891 759 ipsius,
1919 715 1974 759 qui

1232 770 1389 803 Christum
1405 770 1492 811 dicit,
1517 777 1546 803 et.
1567 770 1668 803 credit
1685 775 1818 814 propter
1830 779 1889 802 nos
1903 779 1974 801 cru—

1233 822 1372 863 cifixum,
1394 828 1423 856 ct
1440 822 1501 855 hoc
1521 833 1586 856 non
1604 829 1710 865 negat,
1726 823 1809 856 sicut
1825 827 1856 855 et
1877 822 1973 855 modo

1232 876 1395 920 depositus
1421 877 1552 918 Petrus,
1584 887 1619 909 ex
1642 887 1679 909 eo
1700 876 1786 920 quod
1809 886 1874 909 non
1895 876 1974 918 legi-

1232 930 1308 963 time
1334 936 1364 963 et
1393 930 1605 964 inclementer
1626 930 1657 962 in
1683 930 1815 973 trisagio
1836 930 1973 963 adinno-

1231 984 1590 1026 vavit10nicruci'fiaens
1600 987 1782 1027 cstpropter
1791 994 1860 1023 ηας
1872 983 1974 1016 scien-

1231 1043 1276 1071 tes
1305 1038 1380 1081 quia
1411 1048 1477 1071 non
1505 1037 1694 1070 Trinitatem
1723 1037 1908 1070 crucifixam
1934 1037 1973 1070 ab

1230 1091 1383 1135 apostolis
1411 1090 1611 1134 suscepistis,
1644 1101 1707 1124 non
1736 1091 1880 1131 Patrem,
1909 1100 1974 1123 non

1230 1143 1382 1187 Spiritum
1401 1144 1564 1185 Sanctum,
1587 1144 1648 1177 nisi
1669 1154 1765 1177 carne
1782 1143 1897 1177 Filium
1919 1143 1973 1177 Dei

1229 1196 1433 1239 unigenitum
1464 1198 1581 1231 solum.
1610 1197 1722 1239 Fugite
1751 1208 1828 1239 ergo
1853 1197 1892 1229 ab
1914 1196 1974 1229 hac

1230 1249 1418 1283 inclementi
1455 1251 1702 1291 communione,
1737 1256 1768 1283 et
1796 1260 1852 1283 ero
1883 1249 1974 1282 vobis

1230 1303 1486 1345 communicans,
1510 1304 1542 1337 in
1566 1309 1723 1348 quantum
1753 1309 1784 1336 ct
1804 1314 1859 1337 vos
1879 1303 1970 1343 mihi,

1230 1356 1342 1390 dolosa
1362 1357 1486 1390 fallacia
1503 1358 1599 1400 longe
1617 1368 1635 1391 a
1655 1362 1765 1390 nostra
1782 1356 1973 1390 orthodoxia

1229 1410 1369 1454 expulsa.
1392 1410 1569 1452 Custodite,
1590 1410 1703 1445 Christi
1725 1410 1888 1454 discipuli,
1911 1410 1972 1443 mei

1229 1470 1336 1498 autem
1354 1465 1424 1503 filii,
1444 1465 1631 1498 traditiones
1648 1464 1876 1509 quasadiviuis
1889 1464 1973 1496 Scri-

1228 1518 1332 1562 pturis
1357 1519 1536 1562 accepistis.

1263 1580 1321 1608 Dat.
1339 1581 1406 1608 infra
1422 1589 1484 1608 ann.
1503 1581 1630 1609 483-4902.

1445 1733 1630 1767 EPISTULAv
1655 1734 1721 1767 XIX
1737 1733 1758 1766 ⁵.

1226 1814 1349 1846 Zenoni
1362 1813 1562 1846 ‹lenuntisms
1576 1814 1713 1846 Petrum
1729 1813 1905 1846 Faltonem
1919 1823 1972 1856 sy-

1270 1857 1386 1890 nodali
1399 1858 1521 1890 iudicio
1541 1858 1640 1901 sitisse.
1655 1858 1854 1901 perculsum,
1872 1858 1972 1891 liuius

1271 1903 1431 1935 haeresim
1452 1902 1609 1945 reprobat,
1630 1914 1666 1935 ac
1679 1903 1971 1946 'imperatoremve-

1271 1947 1511 1980 lecincntissimc
1528 1947 1690 1987 hortatur,
1707 1951 1742 1980 'ul
1757 1958 1830 1979 eum
1847 1948 1887 1979 ab
1906 1947 1973 1980 Λη-

1272 1992 1420 2024 tiocheno
1439 1992 1582 2024 Ecclesia
1600 1991 1827 2035 eoepellemlmn
1848 1992 1968 2024 iubeat.

1227 2063 1466 2096 Gloriosissimo,
1489 2070 1524 2090 ac
1544 2063 1740 2091 serenissimo
1769 2063 1831 2090 filio
1859 2063 1970 2090 Zenoni

1260 2107 1394 2142 Augusto
1418 2107 1589 2141 Simplicius
1613 2107 1778 2141 Episcopus
1801 2107 1832 2134 in
1848 2107 1970 2134 Domino

1261 2153 1402 2179 salutem.

1269 2215 1424 2248 Convenit
1443 2215 1633 2248 clementiae
1664 2222 1735 2247 tuae
1755 2225 1863 2248 rerum
1883 2215 1970 2248 ordi-

1226 2279 1298 2301 nem
1328 2268 1475 2301 nuntiare
1506 2274 1667 2310 gestarum
1699 2279 1758 2311 pro
1789 2268 1969 2311 tranquilli-

1227 2327 1288 2355 tate
1315 2321 1440 2365 imperii
1465 2322 1646 2355 serenitatis
1673 2327 1763 2362 tuae,
1787 2327 1818 2355 et
1837 2332 1895 2355 oro
1915 2332 1969 2355 su-

1226 2375 1341 2419 scipias
1358 2386 1487 2419 precem
1506 2386 1623 2417 meam,
1648 2386 1683 2409 ac
1696 2375 1721 2409 si
1737 2375 1803 2419 ipse
1817 2385 1969 2419 praesens

1261 2474 1278 2499 4
1295 2473 1334 2500 At.
1351 2474 1510 2501 nocentius.
1529 2473 1592 2500 Met.
1608 2473 1724 2500 videtur.

1261 2518 1278 2544 5
1294 2517 1328 2544 Ex
1344 2518 1439 2545 Carasa
1455 2518 1508 2553 Ep.
1527 2518 1609 2545 Rom.
1626 2517 1734 2551 Pontis.
1749 2520 1812 2544 tom.
1830 2525 1849 2551 1,
1866 2525 1891 2552 p.
1905 2516 1966 2543 331.

1230 2573 1241 2586 «
1254 2562 1325 2589 llaec
1334 2571 1376 2598 ep.
1391 2571 1405 2589 e
1415 2570 1513 2598 graeco
1524 2562 1590 2589 satis
1601 2565 1728 2597 corrupto
1740 2569 1816 2588 versa
1826 2565 1876 2594 est,
1890 2561 1968 2588 nobis

1226 2606 1297 2633 enim
1313 2606 1424 2634 latinum
1440 2610 1541 2633 textum
1553 2605 1710 2641 originalem
1726 2605 1857 2640 temporis
1870 2605 1968 2632 iniuria

1226 2651 1320 2678 invidit.
1340 2662 1364 2678 ».
1382 2651 1456 2679 Cont.
1479 2652 1570 2679 Const.

2011 240 2059 269 An.
2074 240 2101 268 C.
2122 241 2173 270 483

2013 726 2069 746 L'nus
2080 726 2173 748 Chi-istus

1988 756 2075 778 propter
2083 759 2119 773 nos
2128 760 2173 774 ‹rn-

1988 780 2061 799 eitixus
2077 783 2115 800 est.

2223 900 2234 908 ,ι
2219 747 2244 883 .-[θ“,,“.,-τᾈ“(ι,
2219 700 2238 731 C}

2219 951 2232 998 ³«.

2015 2215 2169 2246 ‘imperatoris

1984 2249 2076 2263 animuin
2095 2245 2168 2263 coiitrn.
2213 2245 2216 2247 ’

1985 2270 2091 2290 Futtonein
2114 2270 2168 2290 exvi-

1984 2299 2021 2318 tal.
