2244 3183
55 259 102 285 An.
123 258 154 284 C.
171 257 222 284 489

71 318 238 350 operiebami-
253 305 344 338 sione
365 303 540 345 catholica,
568 313 628 347 pro
651 301 816 336 charitatis
840 301 1000 334 Ecclesiae

54 345 239 394 iiiisshssiicssiii'.
254 357 531 401 redintegratione
563 357 641 389 nihil
678 360 808 400 pereat3
841 360 1000 398 quatenus

255 422 314 455 pax
344 411 398 444 illa
423 410 610 455 proveniat,
645 419 728 453 quae
760 408 833 441 tecit
863 414 1000 451 utraque

254 475 355 498 unum
370 464 390 505 ¹,
414 475 480 498 non
502 464 556 497 illa
580 473 676 507 quam
698 462 857 506 propheta
874 461 997 495 conde-

256 525 366 552 mnat:
393 520 484 559 Pax,
506 529 585 562 pasc,
617 521 646 550 et
668 527 734 549 non
757 520 826 548 erat
844 514 941 559 pasci.
971 520 1000 547 et

256 573 408 613 charitas,
432 583 530 617 quam
553 578 607 606 tua
619 570 750 605 dilectio
765 569 830 603 suis
843 579 939 613 saepe
952 568 1002 601 lit-

256 627 332 660 teris
352 627 540 671 postulavit,
572 636 654 671 pura
680 625 842 665 succedat,
875 624 914 657 de
939 633 1003 666 qua

257 680 392 714 dicitur:
416 680 569 715 Charitas
587 680 624 712 de
644 678 737 712 corde
754 689 856 722 puro,
881 681 910 710 et
930 687 1003 710 con-

256 734 395 767 scientia
417 733 500 767 bona
514 761 521 774 ,
555 738 583 766 et
610 733 672 775 fide
696 743 761 765 non
788 730 896 774 ficta3.
918 730 1002 763 Nihil

71 797 185 835 canonicis
195 801 242 817 cum
257 787 298 820 sit
311 798 485 821 commune
498 787 562 820 luci
573 797 646 820 cum
657 785 827 825 tenebris⁴‚
848 785 925 829 quia
938 795 1003 818 non

58 824 242 872 ffiiiffiiffln-Cmn‘
258 852 441 886 possumus,
465 852 525 875 nec
545 841 701 875 debemus
719 850 849 873 mensae
869 839 1005 872 Domini

254 896 459 938 participare
479 899 507 928 et
523 905 654 928 mensae
673 894 901 926 demoniorum
913 893 924 909 ³
935 904 946 933 ,·
969 897 1002 925 ut

258 948 316 981 tibi
331 948 461 981 creditis
473 948 585 981 ovibus
602 947 852 992 praeteritorum
870 956 1005 988 congre-

258 1002 388 1044 gatione
414 1001 588 1042 mundatis,
609 1001 666 1034 fiat
685 1010 768 1034 unus
788 1010 865 1043 grex
878 1005 909 1033 et
921 1010 1005 1033 unus

258 1061 368 1099 pastor
384 1056 405 1089 ὓ.
426 1056 588 1100 Scriptum
602 1065 670 1088 esse
684 1053 876 1088 meministi:
902 1053 939 1088 Sa·
955 1064 1005 1086 re-

259 1113 305 1142 cte
318 1109 431 1152 offeras
444 1114 472 1142 et
485 1113 568 1143 recte
587 1119 654 1142 non
673 1108 814 1149 dividas,
828 1108 971 1152 peccasti
982 1107 1002 1148 ⁷3

260 1169 291 1197 et
318 1163 478 1208 Propheta
510 1163 643 1197 clamat:
680 1163 771 1196 Inter
794 1162 957 1195 mundum
978 1167 1006 1195 et

259 1216 473 1250 immundum
481 1227 547 1250 non
560 1216 821 1250 discernebatis&
834 1215 921 1255 Quae
935 1215 1007 1248 uni-

262 1280 353 1303 versa
365 1270 552 1304 summatim
562 1269 617 1302 illa
630 1269 923 1313 circumspecli0ne
935 1280 1007 1313 per-

260 1324 460 1366 stringimus,
481 1329 517 1357 ut
535 1323 689 1357 cordibus
709 1323 883 1357 salubriter
901 1323 1008 1367 expia-

263 1377 314 1418 tis,
343 1383 408 1410 tam
439 1377 567 1410 firmam
588 1377 657 1411 sine
678 1377 891 1418 dubitatione,
910 1388 1007 1420 quam

262 1441 390 1471 veram,
423 1437 487 1464 tam
515 1436 724 1475 perpetuam,
755 1441 852 1475 quam
884 1431 1008 1464 unitam

261 1485 423 1528 possimus
444 1490 554 1518 tenere
575 1485 795 1518 concordiam.
814 1485 1009 1524 Quantocius

262 1548 342 1581 ergo
360 1538 532 1582 superbis
562 1544 616 1571 tua
646 1548 705 1571 nos
735 1538 850 1572 reddat
880 1538 1010 1572 dilectio

263 1591 432 1633 certiores,
453 1597 489 1625 ut
507 1592 573 1625 Deo
590 1596 702 1625 nostro
719 1591 909 1636 perficiente
923 1593 1010 1636 quod

263 1645 382 1689 coepit,
405 1645 438 1678 in
456 1655 613 1690 compage
626 1644 773 1689 corporis
786 1644 902 1679 Christi
916 1645 1011 1689 plena

263 1698 427 1733 valeamus
448 1698 713 1733 reconciliatione
734 1699 944 1733 consentire⁹.

487 1861 673 1895 EPISTOLA
698 1861 738 1895 XI
754 1861 785 1893 ¹⁰.

271 1941 476 1975 Vetranionis
486 1941 642 1984 pietatem
661 1940 803 1973 laudans
824 1940 888 1974 CP.
909 1940 1014 1974 Eccle-

310 1996 378 2029 siae
400 1995 577 2029 dissidium
601 1995 744 2039 exponit,
772 1994 936 2039 illumque.
960 1995 1013 2028 ob-

311 2054 425 2090 secrat,
456 2054 492 2082 nt
519 2050 556 2082 in
575 2048 652 2091 fidei
670 2049 834 2083 unitatem
852 2059 911 2092 pro
935 2049 1015 2082 riri-

311 2101 368 2135 [ηις
387 2102 568 2137 incumbat.

411 2176 494 2204 Felix
516 2176 694 2205 vetranioni
718 2176 871 2212 Episcopo.

313 2238 405 2277 Quod
424 2238 558 2272 unitatis
570 2238 731 2272 Ecclesiae
750 2239 847 2283 plena
867 2239 1016 2284 cupimus

270 2291 547 2334 redintegratione
567 2292 707 2333 firmari,
737 2292 912 2326 multorum
935 2292 1017 2326 rela-

307 2391 318 2416 1
336 2388 436 2425 Ephes.
453 2395 481 2420 u,
498 2398 520 2417 v.
541 2390 582 2416 14.

305 2429 321 2456 2
337 2429 435 2456 Ezech.
445 2436 502 2464 xm,
514 2439 539 2456 v.
553 2430 597 2462 10,
609 2430 655 2457 ubi
672 2429 750 2464 Vulg.
761 2430 813 2466 leg.
825 2433 864 2458 est
879 2438 926 2466 pro
941 2434 1015 2459 erat.

307 2468 483 2497 31Tim0th.
500 2475 519 2503 1,
536 2479 561 2496 v.
575 2470 599 2496 5.

306 2509 322 2536 4
342 2509 364 2537 ll
384 2509 506 2537 Corinth.
524 2516 561 2542 vt,
579 2519 602 2537 v.
628 2511 669 2537 14.

305 2550 322 2578 5
340 2550 352 2577 1
368 2550 489 2577 Corinth.
505 2559 530 2582 x,
552 2559 576 2577 v.
593 2551 637 2582 21,
654 2551 700 2578 ubi
722 2551 800 2587 Vulg.
821 2552 872 2587 leg.
893 2553 1018 2587 partit-i-
1034 2588 1035 2593 1

269 2597 319 2625 pes
333 2598 390 2617 esse
405 2599 454 2627 pro
466 2591 660 2626 participare.

308 2630 325 2658 6
339 2631 433 2658 Ioann.
449 2639 476 2665 x,
498 2640 522 2658 v.
545 2631 588 2658 16.

308 2670 322 2697 7
344 2670 411 2698 Gen.
434 2677 471 2704 iv,
488 2680 512 2698 v.
526 2671 550 2698 7.
567 2670 675 2707 Vulgat.
689 2675 780 2699 autem
800 2671 899 2707 inquit:
916 2671 1019 2700 Nonne

364 2724 439 2759 App.
460 2724 538 2752 Bun.
556 2724 639 2753 Rom.
657 2740 690 2745 —
711 2725 770 2752 Vol.
793 2725 816 2751 I.
933 2725 966 2752 33

873 254 902 291 ,5.
927 251 1021 276 1⁷13th
1041 250 1077 275 111
1099 251 1148 275 PP.

1681 234 1742 268 2257

1036 308 1120 342 tione
1149 308 1367 351 comperimus
1398 305 1604 340 dilectionem
1635 309 1721 336 tuam
1750 309 1781 336 et.

1035 362 1171 404 egregiis
1193 361 1338 394 moribus
1359 360 1465 394 divina
1490 359 1593 403 gratia
1618 358 1781 391 tribuente

1034 415 1170 459 pollere,
1194 421 1224 448 et
1238 414 1361 448 domini
1380 414 1438 446 filii
1459 413 1560 446 nostri
1581 411 1781 445 christianis-

1035 467 1107 501 simi
1121 468 1278 511 principis
1292 466 1507 500 sarniliaritate
1521 465 1710 502 subnixam:
1727 475 1783 508 pa-

1036 527 1204 564 ratamque
1232 521 1464 553 fraternitatem
1498 527 1583 553 tuam
1604 519 1783 553 catholicae

1036 571 1112 605 fidei
1134 582 1276 611 causam,
1300 571 1324 604 si
1347 571 1548 604 manifestius
1568 571 1780 615 ponderetur,

1036 625 1138 659 libere
1159 632 1190 658 et
1208 626 1388 669 prudenter
1405 625 1583 658 adstruere.
1608 624 1730 663 Quibus
1744 624 1783 657 de

1038 684 1091 712 tua
1121 684 1230 712 mente
1251 678 1387 722 sumptis
1409 677 1534 710 indiciis
1556 678 1651 710 talem
1676 683 1703 710 te
1724 687 1781 710 ve-

1037 732 1140 765 ritatis
1151 738 1318 765 auctorem
1331 730 1350 748 ¹¹
1365 742 1433 765 esse
1448 730 1691 775 perpendimus,
1707 741 1785 773 qua-

1037 787 1099 819 lem
1122 786 1187 820 illic
1215 785 1471 819 desideravimus
1491 784 1646 817 invenire.
1674 784 1785 818 Grata-

1039 850 1111 873 mur
1128 839 1237 883 igitur,
1254 839 1342 883 quod
1357 839 1590 872 haereditatem
1608 849 1699 872 suam
1720 848 1785 871 non

1038 903 1273 937 usquequaque
1293 892 1449 926 Dominus
1481 891 1653 936 repulisset
1670 890 1702 931 ¹²,
1730 891 1786 924 sed

1039 946 1071 980 in
1092 956 1205 980 eorum
1227 946 1381 980 cordibus
1402 946 1566 979 flammam
1589 950 1696 978 rectae
1711 955 1787 977 con-

1039 1000 1186 1034 sessionis
1217 1005 1359 1033 servaret
1390 999 1626 1040 absconditam,
1647 999 1702 1043 qui
1723 998 1787 1032 sive

1039 1066 1072 1089 se
1090 1066 1107 1087 a
1128 1054 1359 1088 communione
1387 1054 1519 1087 confusa
1539 1053 1667 1097 penitus
1688 1053 1787 1086 absti-

1040 1115 1164 1150 nerent,
1188 1108 1253 1142 sive
1274 1108 1305 1141 in
1327 1119 1396 1141 eam
1419 1119 1477 1152 per
1497 1107 1714 1150 ignorantiam
1736 1118 1787 1141 re-

1041 1163 1208 1204 cidissent,
1236 1163 1369 1196 mallent
1398 1168 1523 1203 tamen,
1555 1168 1586 1196 et
1615 1161 1785 1201 declarari,

1041 1227 1124 1262 quae
1152 1222 1240 1250 recta
1269 1223 1358 1257 sunt,
1383 1223 1414 1250 et
1433 1217 1613 1250 secundum
1636 1215 1785 1249 traditio-

1041 1282 1116 1305 nem
1130 1276 1274 1304 veterum
1297 1271 1509 1315 comprobata
1529 1270 1660 1304 servari.
1685 1271 1788 1314 Atque

1042 1325 1116 1358 ideo
1136 1324 1269 1368 adloqui
1291 1324 1480 1357 charitatem
1493 1329 1704 1357 tuaninostro
1719 1333 1789 1356 mo-

1043 1378 1091 1411 dis
1111 1377 1264 1411 omnibus
1291 1388 1442 1411 sermone
1471 1377 1673 1417 curavimus,
1701 1382 1728 1409 et
1750 1376 1789 1409 de

1043 1431 1103 1471 his,
1121 1441 1204 1475 quae
1221 1431 1396 1464 Ecclesiam
1410 1431 1524 1465 Christi
1546 1430 1681 1464 fecerint
1698 1429 1791 1463 dissi-

1044 1485 1132 1525 dere,
1161 1490 1384 1528 competenter
1405 1484 1576 1518 instruere.
1607 1485 1641 1517 In
1662 1484 1792 1518 Chalce-

1045 1538 1180 1571 donensi
1201 1538 1311 1582 itaque
1328 1538 1462 1583 synodo,
1486 1549 1569 1582 quae
1594 1538 1634 1571 de
1657 1537 1791 1571 Concilii

1044 1592 1175 1625 Nicaeni
1206 1597 1319 1625 tenore
1348 1592 1528 1635 procedens
1558 1602 1618 1635 pro
1639 1590 1790 1625 christia-

1045 1656 1105 1679 nae
1127 1645 1335 1679 consessionis
1356 1645 1541 1688 integritate
1558 1645 1715 1678 servanda
1728 1650 1791 1677 tam

1046 1700 1238 1734 auctoritate
1259 1699 1349 1733 Sedis
1370 1699 1585 1744 Apostolicae,
1602 1710 1699 1743 quam
1721 1699 1793 1732 uni-

1045 1754 1178 1788 versalis
1194 1753 1356 1787 Ecclesiae
1374 1758 1422 1786 est
1441 1753 1603 1786 celebrata
1619 1763 1790 1793 consensu,

1045 1807 1222 1852 Eutychem
1243 1812 1341 1850 atque
1352 1806 1543 1840 Dioscorum
1562 1806 1794 1840 constatsuisse

1049 1862 1230 1896 damnatos.
1254 1860 1398 1900 Quorum
1418 1860 1606 1894 Timotheus
1631 1866 1661 1893 et
1680 1860 1794 1893 Petrus

1047 1915 1188 1949 extitisse
1217 1915 1376 1948 docentur
1396 1914 1511 1958 procul
1532 1914 1632 1948 dubio
1652 1919 1792 1947 sectato-

1048 1980 1109 2010 res,
1138 1979 1319 2013 eorumque
1343 1979 1377 2002 se
1406 1968 1629 2002 communioni
1654 1968 1797 2001 nefariae

1049 2023 1228 2063 miscuisse,
1249 2022 1346 2056 etiam
1368 2033 1440 2056 cum
1462 2033 1480 2055 a
1500 2022 1593 2056 nobis
1613 2021 1797 2066 prohibitus

1049 2081 1097 2111 est
1116 2077 1263 2117 Aeacius,
1288 2082 1384 2121 atque
1410 2076 1451 2109 ob
1477 2076 1538 2109 hoc
1559 2086 1596 2109 ex
1616 2076 1721 2109 forma
1741 2086 1794 2119 sy—

1049 2130 1126 2165 nodi
1159 2135 1359 2164 memoratae
1385 2130 1524 2163 similem
1546 2134 1691 2169 cunctos‚
1715 2139 1797 2172 quae

1050 2184 1192 2228 praefixa
1213 2185 1318 2217 suerat
1335 2183 1495 2228 pravitati,
1519 2182 1738 2216 damnationis
1752 2182 1798 2215 in·

1051 2237 1167 2271 cidisse
1199 2237 1413 2278 sententiam,
1449 2236 1540 2270 cuius
1571 2247 1603 2269 se
1632 2236 1800 2278 elegerunt

1051 2302 1120 2326 esse
1139 2297 1317 2325 consortes.
1346 2291 1437 2325 Unde
1468 2290 1584 2325 merito
1612 2290 1799 2335 praedictus

1050 2391 1076 2419 si
1091 2390 1159 2417 bene
1175 2390 1278 2424 eqerz's,
1295 2390 1417 2425 recipies
1426 2398 1436 2423 ;
1455 2390 1501 2417 sin
1516 2392 1614 2417 autem
1635 2390 1723 2424 male,
1739 2391 1800 2417 sta-

1051 2431 1105 2459 tim
1125 2430 1222 2458 aderit
1237 2431 1267 2456 in
1282 2430 1394 2464 foribus
1411 2432 1562 2464 peccatum
1574 2430 1587 2457 ?

1086 2470 1103 2497 8
1119 2469 1216 2496 Ezech.
1230 2476 1296 2501 xxti,
1314 2478 1337 2496 v.
1355 2470 1400 2504 26,
1416 2469 1463 2496 ubi
1478 2470 1549 2505 apud
1566 2469 1671 2505 Vulgat.
1689 2469 1796 2504 legitur:

1052 2510 1133 2538 Inter
1152 2510 1306 2543 mundum,
1323 2513 1347 2537 ee
1360 2510 1505 2544 pollutum
1524 2518 1581 2536 non
1597 2510 1774 2544 intelligunt.

1087 2550 1103 2576 9
1124 2550 1195 2576 Data
1209 2549 1282 2576 iuxta
1301 2549 1367 2576 Jaffi‘:
1383 2549 1401 2576 l.
1417 2557 1439 2576 c.
1457 2557 1521 2576 ann.
1540 2549 1601 2576 489.

1089 2590 1123 2617 ¹0
1138 2589 1158 2616 E
1173 2589 1310 2617 Sirmondi
1326 2590 1393 2625 Opp.
1417 2593 1481 2618 tom.
1498 2597 1517 2624 1,
1534 2598 1596 2626 pag.
1613 2590 1675 2617 445.

1089 2631 1118 2657 ll
1138 2630 1177 2657 Al.
1194 2633 1326 2659 actorem.

1091 2671 1122 2698 1⁹2.
1137 2670 1238 2698 Psalm.
1261 2677 1334 2703 xcm,
1357 2679 1380 2697 v.
1405 2672 1447 2698 14.

1810 245 1858 271 An.
1875 244 1903 271 C.
1926 244 1980 271 489

1846 307 1981 327 Vetranionis

1796 339 1846 357 eruo
1863 334 1980 354 Ecelmmm

1796 361 1924 381 sollicito-lo.

1840 1375 1927 1396 Dissuta
1940 1381 1989 1395 rau*

1804 1408 1839 1424 sas
1855 1402 1926 1422 refert.
