2244 3183
461 209 525 243 486

432 267 593 301 inseratur
604 266 621 300 ¹.
639 266 707 300 Si‹;‘²
720 277 851 311 quoquc
866 265 1101 299 humilitatem³
1116 265 1169 297 dc·
1185 265 1187 287 t

233 320 416 373 ‚fflffiffa‘ffiscffl
432 321 545 355 bemus
567 327 675 355 tenere
694 321 724 353 in
743 325 861 361 mente,
878 325 913 353 ut
930 319 1005 353 inde
1017 318 1027 335 ⁴
1048 317 1170 351 ordinis

232 374 312 399 “nme
331 378 416 399 00¹⁰90·
431 374 531 407 nostri
557 374 744 416 dignitatem
769 375 933 406 servemus
964 372 996 404 in
1027 372 1166 412 bonore,

957 215 1118 242 Arrssxntx
1138 215 1287 240 nuccanu
1308 215 1426 241 nouam
1517 252 1521 255 Ι

1205 264 1387 305 direxera53
1420 263 1537 308 quibus
1567 264 1749 298 credideras
1777 266 1944 310 postulan-

1205 317 1293 359 dum,
1323 324 1358 351 ut
1374 317 1418 359 id,
1440 317 1526 362 quod
1546 328 1562 350 a
1578 317 1692 351 beatae
1713 319 1950 353 recordationis

1205 370 1373 404 decessore
1393 376 1504 405 nostro
1525 371 1610 415 Papa
1628 371 1733 405 Felice
1749 382 1809 415 pro
1831 372 1946 405 catho—

234 217 323 246 ltnc
346 217 392 246 531
1985 214 2033 242 An.
2047 214 2076 242 c.
2096 209 2146 243 531⁴
2182 201 2239 262 313

234 399 310 421 nenda*
431 432 588 470 quatenus
611 427 643 459 in
666 426 760 459 nobis
777 437 835 459 ner
861 425 1025 458 humilitas
1043 425 1167 465 timida,

430 490 488 512 nec
505 479 587 513 ratio
604 479 645 513 sit
661 479 811 524 superba.
832 478 1061 523 Omnipotens⁵
1074 478 1167 519 Deus,

430 533 605 573 carissime,
636 543 692 566 sua
714 539 742 566 te
775 533 977 578 protectione
997 532 1166 573 custodiat,

430 593 525 631 atque
554 587 593 619 ad
618 587 766 620 coelestis
792 587 1087 621 remunerationem
1115 598 1171 631 pa-

430 639 533 672 triae⁸
557 639 729 684 multiplici
755 641 937 674 animarum
968 641 1074 674 fructu
1099 651 1171 684 per-

429 693 534 726 ducat.
558 691 641 726 Deus
662 699 690 727 te
709 694 904 728 incolumem
927 694 1098 735 custodiat,
1121 705 1171 727 re-

428 746 660 780 verendissime
680 747 789 781 frater.
811 749 924 782 Amen.

472 799 653 835 Datum'vm
664 801 818 835 kalendas
826 801 982 844 Octobris,
995 802 1171 836 Iustiniano

430 854 559 887 tertium
588 860 618 888 et
645 855 754 890 Oreste
778 855 855 889 viris
879 856 1064 891 clarissimis
1089 866 1169 890 con-

429 907 563 942 sulibus.

499 971 560 999 Dat.
577 972 610 1000 22
626 973 699 1009 Sept.
716 981 759 1000 sm.
771 978 848 1001 7.....

669 1078 854 1113 EPISTOLA
891 1080 915 1113 ll
927 1079 947 1112 ⁸.

432 1152 579 1186 Caesarii
604 1152 723 1184 lilleris
753 1151 931 1184 rescribens
957 1150 1026 1182 cius
1055 1153 1173 1191 roffam

473 1203 657 1246 confirmat,
681 1204 778 1246 fidem
798 1204 834 1236 in
856 1203 984 1238 Christo
1006 1202 1096 1236 haud
1109 1202 1174 1235 ale'-

475 1261 521 1290 cer
548 1268 585 1290 ac
610 1262 736 1290 caetera
766 1257 850 1290 bona
874 1266 941 1289 uon
971 1256 1104 1300 quidem
1135 1266 1174 1289 επ

473 1310 639 1344 humanae
666 1315 806 1343 nalurue
831 1314 1006 1354 potestate,
1025 1320 1139 1343 rerum
1159 1321 1174 1343 c

471 1363 533 1397 Dei
548 1364 661 1407 qratia
674 1363 859 1397 dimanare.

471 1434 671 1463 Dilectissimo
685 1435 775 1463 fratri
790 1435 928 1463 Caesario
944 1435 1128 1463 Bonifacius.

471 1497 532 1531 Per
552 1496 654 1530 fitium
673 1502 819 1530 nostrum
838 1497 1027 1531 Armenium
1042 1497 1174 1542 presby-

275 1568 368 1590 cmaffi
383 1568 413 1590 m.
429 1556 546 1591 terum,
563 1556 594 1584 et
614 1550 763 1584 abbatem
782 1550 906 1584 litteras
924 1556 998 1584 tuae
1018 1550 1171 1584 fraterni-

231 1597 288 1616 terae
299 1595 339 1616 sibi
351 1596 413 1617 tradi-

230 1623 277 1647 tae;

430 1604 502 1637 tatis
522 1604 718 1648 accepimus,
743 1615 822 1649 quas
835 1605 875 1639 ad
888 1615 958 1646 nos,
979 1610 1170 1649 utapparet‚

429 1657 548 1691 inscius
565 1657 670 1691 adhuc
683 1657 855 1691 sacerdotii
874 1658 953 1690 mihi
972 1658 1136 1691 commissi
1149 1660 1170 1699 ⁰,

429 1711 488 1744 sub
516 1720 567 1752 ea,
597 1722 660 1756 qua
686 1711 717 1744 in
742 1712 807 1745 Deo
830 1717 991 1752 tenemur,
1016 1711 1173 1745 charitate

466 1867 475 1891 t
500 1864 565 1892 Cod.
586 1865 651 1892 3791
679 1869 745 1892 rect.
772 1865 825 1900 leg.
850 1865 953 1900 quibus
972 1866 1060 1893 eliam
1079 1866 1172 1894 conti-

428 1910 529 1937 nentia
546 1910 721 1944 libellorum,
737 1917 807 1944 quos
826 1911 993 1943 obtulerint,
1014 1911 1172 1938 inseratur.

428 1953 498 1980 Huic
511 1953 622 1981 adhaer.
635 1954 715 1981 etiam
728 1953 814 1981 Labb.
827 1954 870 1980 hic
880 1954 913 1981 ad
929 1962 1025 1989 marg.;
1037 1958 1065 1982 et
1079 1963 1173 1982 revera

427 1997 466 2024 sic
482 1997 563 2025 babet
579 1998 622 2025 cit.
639 2006 683 2033 ep.
701 1997 860 2025 Hormisdae
877 2002 932 2025 tum
947 1998 973 2025 in
986 1999 1099 2026 Bullar.
1117 2003 1172 2026 tum

428 2041 499 2078 apud
519 2042 617 2075 Labb.,
639 2046 665 2069 et
688 2051 771 2078 greca
794 2043 881 2070 versio
898 2043 1063 2071 concordat:
1083 2043 1114 2073 οἷς
1135 2047 1172 2068 aaz

427 2090 458 2112 τὰ
479 2090 631 2120 περιεχόμενα
652 2091 702 2116 τοῖς
727 2090 856 2122 ὶιβέλλοις,
878 2087 915 2116 ὠς
936 2088 962 2111 ἂν
986 2091 1170 2123 apocal-suetas,

429 2132 571 2166 ἐμφερὲσθω.

463 2175 480 2202 2
500 2176 647 2211 Hucusque
676 2184 706 2203 cx
729 2176 773 2203 cit.
801 2176 879 2212 epist.
907 2176 1076 2212 llormisdae,
1103 2186 1172 2213 quae

428 2220 526 2248 deinde
541 2220 573 2248 ad
589 2221 641 2248 alia
657 2222 743 2257 vergit
758 2221 866 2249 dicens:
882 2222 922 2250 sic
937 2223 1016 2250 enim
1032 2225 1058 2249 et
1075 2223 1173 2251 Severi

428 2268 455 2292 el
477 2267 651 2300 complicum
674 2267 735 2294 citis
758 2270 810 2293 aut
829 2267 972 2294 similium
993 2267 1172 2294 absolvemus

428 2317 549 2342 errores,
564 2318 613 2338 nec
628 2319 741 2342 eorum.
753 2312 806 2346 qui
817 2312 922 2339 sanari
934 2312 1098 2346 potuerint,
1115 2312 1172 2340 dis-

424 2354 535 2388 pendia
549 2355 709 2389 patiemur,
726 2359 778 2382 ctc.

463 2398 479 2425 3
496 2398 581 2425 Labb.
598 2398 641 2425 liic
655 2398 688 2425 ad
704 2407 787 2434 marg.
806 2410 816 2424 a
835 2400 860 2427 S.
878 2400 992 2436 Gregor.
1014 2409 1057 2436 ep.
1079 2407 1170 2435 xxm,

429 2443 475 2471 lib.
494 2450 519 2471 tv
534 2444 568 2471 ad
589 2444 768 2479 Eulogium».

463 2489 479 2515 4
497 2498 508 2514 ‹
524 2489 556 2516 Ul
572 2489 640 2516 inde
656 2492 753 2516 tamen
767 2499 778 2514 2
796 2489 880 2517 Labb.
896 2490 934 2517 il).
952 2494 978 2518 et
994 2490 1051 2517 citt.
1073 2490 1152 2518 codd.

464 2532 481 2559 5
496 2531 580 2559 Labb.
597 2532 660 2559 ibid.
678 2544 689 2557 «
702 2532 728 2559 S.
741 2533 819 2569 Greg.
837 2542 880 2569 ep.
896 2541 996 2569 cxxvii,
1014 2534 1060 2561 lib.
1076 2541 1112 2561 vn
1130 2544 1153 2561 ›.

464 2578 481 2603 6
501 2576 585 2604 Lam).
607 2576 672 2604 ibid.
695 2585 846 2612 perperam³
864 2578 942 2605 codd.
965 2587 1011 2605 un.
1034 2579 1171 2614 refragan-

430 2620 490 2655 tib.⁷
509 2621 584 2648 addit
603 2629 673 2649 cum.

1206 423 1286 456 licae
1307 423 1382 457 fidei
1403 433 1599 468 poposceras
1620 423 1785 464 firmitate,
1810 434 1881 457 mea
1899 434 1950 457 ex-

1205 477 1382 521 plicaretur
1396 478 1556 511 instantia.
1574 478 1635 512 Sed
1657 478 1732 522 quia
1753 478 1784 511 id
1804 478 1951 512 voluntas

1205 541 1347 575 superna
1379 530 1555 576 disposuit,
1589 537 1624 565 ut
1649 532 1736 576 quod
1753 542 1813 576 per
1832 542 1891 565 nos
1911 531 1950 565 ab

1207 585 1261 618 illo
1286 595 1490 629 speraveras,
1513 596 1531 618 a
1554 585 1646 619 nobis
1670 585 1778 630 potius
1799 585 1951 630 impetra-

1206 648 1271 679 res3
1296 638 1443 683 petitioni
1476 644 1559 681 tuae,
1583 650 1679 684 quam
1704 639 1860 673 laudabili
1880 638 1951 672 fieri

1206 691 1424 725 sollicitudine
1438 693 1613 737 concepisti
1625 691 1656 734 ¹⁰,
1673 692 1868 726 catholicum
1885 702 1951 726 non

1207 745 1390 780 distulimus
1404 746 1481 779 dare
1493 757 1695 791 responsum.
1708 746 1832 781 Indicas
1850 747 1948 788 enim,

1207 799 1293 843 quod
1309 799 1408 844 aliqui
1427 800 1570 844 episcopi
1585 799 1774 843 Galliarum,
1792 811 1864 834 cum
1879 811 1950 835 cae-

1209 858 1275 887 tera
1300 853 1363 887 iam
1384 854 1469 887 bona
1490 865 1526 888 ex
1546 854 1602 888 Dei
1616 854 1837 899 acquieverint
1849 854 1952 898 gratia

1207 908 1390 952 provenire,
1413 908 1509 941 sidem
1532 913 1669 950 tantum,
1694 908 1807 953 quain
1825 907 1952 943 Christo

1207 961 1383 1003 credimus,
1400 967 1536 996 naturae
1550 973 1617 997 esse
1630 962 1769 1004 velint¹¹‚
1790 973 1855 996 non
1872 973 1949 1006 gra-

1208 1015 1287 1056 tiae·‚
1312 1021 1342 1049 et
1363 1016 1550 1049 hominibus
1569 1027 1605 1049 ex
1630 1016 1750 1057 Adam,
1774 1017 1862 1060 quod
1888 1016 1952 1050 dici

1208 1069 1295 1102 nefas
1320 1074 1383 1110 est,
1408 1069 1440 1102 in
1460 1069 1564 1103 libero
1585 1069 1721 1103 arbitrio
1742 1069 1948 1111 remansisse,

1208 1133 1272 1155 non
1287 1123 1384 1156 etiam
1398 1133 1485 1156 nunc
1502 1123 1533 1156 in
1554 1122 1690 1166 singulis
1708 1123 1953 1158 misericordiae

1208 1175 1335 1209 divinae
1355 1176 1505 1219 largitate
1530 1176 1687 1216 conserri3
1711 1177 1893 1221 postulans,
1916 1181 1953 1210 ut

1207 1239 1266 1272 pro
1294 1229 1507 1272 ambiguitate
1538 1229 1681 1263 tollenda
1714 1229 1953 1264 confessionem

1208 1287 1358 1324 vestram,
1376 1293 1440 1327 qua
1453 1293 1508 1316 vos
1530 1294 1546 1316 e
1567 1282 1695 1317 diverso
1713 1283 1811 1317 fidem
1830 1288 1953 1317 rectam

1209 1335 1240 1369 in
1273 1336 1419 1377 Christo,
1449 1336 1613 1381 totiusque
1644 1337 1750 1371 bonae
1769 1337 1954 1372 «voluntatis

1210 1388 1350 1430 initium,
1374 1389 1462 1423 iuxta
1482 1389 1675 1424 catholicam
1695 1390 1878 1432 veritatem,
1898 1401 1956 1435 per

1209 1443 1472 1486 praevenientem
1498 1443 1554 1477 Dei
1580 1444 1717 1487 gratiam
1748 1444 1954 1487 singulorum

1209 1497 1350 1531 definitis
1378 1498 1526 1532 sensibus
1557 1498 1728 1542 inspirari,
1763 1498 1955 1532 auctoritate

1209 1550 1511 1595 sedisapostolicae
1523 1551 1738 1585 firmaremus.
1752 1553 1856 1596 Atque
1866 1552 1950 1594 iden,

1209 1614 1282 1637 cum
1304 1604 1416 1638 dehac
1434 1615 1467 1638 re
1487 1604 1579 1638 multi
1600 1605 1722 1646 Patres,
1739 1610 1769 1638 et
1789 1615 1867 1649 prae
1882 1615 1954 1638 cae-

1210 1658 1286 1691 teris
1304 1658 1415 1692 beatae
1430 1658 1668 1692 recordationis
1679 1658 1878 1701 Augustinus
1887 1657 1954 1702 epi-

1208 1722 1337 1756 scopus,
1354 1712 1410 1746 sed
1424 1717 1452 1746 et
1469 1712 1609 1746 maiores
1626 1711 1727 1745 nostri
1748 1711 1953 1756 Apostolicae

1244 1865 1257 1892 7
1316 1865 1367 1891 An.
1376 1865 1428 1892 530
1438 1865 1477 1892 vel
1489 1864 1550 1892 533.
1562 1864 1635 1892 Hanc
1646 1868 1703 1892 not.
1714 1864 1872 1899 chronolog.
1883 1864 1954 1892 falsi-

1209 1907 1263 1931 tate
1278 1905 1401 1932 laborare
1417 1905 1534 1932 advertit
1548 1905 1633 1932 Labb.
1645 1904 1679 1932 ad
1693 1913 1790 1939 marg„
1803 1907 1829 1931 et
1843 1904 1954 1940 quidem

1208 1948 1291 1972 recte.
1308 1944 1417 1972 Orestes
1436 1945 1507 1972 enim
1527 1945 1554 1972 in
1575 1945 1714 1972 consulatu
1730 1944 1827 1980 colleg.
1845 1943 1951 1978 hahuit,

1209 1993 1260 2012 non
1277 1985 1465 2019 lustinianum‚
1476 1985 1524 2012 sed
1536 1985 1711 2012 Posthumum
1723 1984 1896 2021 Lampadium
1907 1993 1950 2012 an.

1207 2025 1269 2059 530,
1281 2030 1307 2052 et
1319 2025 1403 2053 Bonis.
1416 2025 1438 2053 ll
1454 2026 1487 2053 ad
1504 2025 1584 2052 finem
1601 2029 1706 2052 tantum
1722 2025 1780 2052 eius
1794 2025 1857 2052 anni
1870 2026 1951 2053 Pont.

1207 2069 1315 2092 creatus
1330 2065 1391 2099 suit3
1408 2065 1504 2093 lustin.
1517 2069 1647 2093 autemut
1658 2073 1732 2093 cons.
1745 2064 1831 2100 gessit
1845 2072 1889 2092 an.
1900 2063 1952 2093 533

1207 2105 1310 2141 absque
1330 2106 1435 2141 collega
1453 2109 1514 2142 post
1529 2105 1615 2133 Bonis.
1632 2106 1786 2133 decessum.
1808 2104 1893 2132 Labb.
1913 2104 1950 2132 ib.

1207 2147 1305 2181 corrig.
1328 2146 1477 2174 Valentino
1498 2147 1539 2180 ΙΙ,
1562 2149 1589 2173 cl
1613 2147 1720 2180 Oreste,
1744 2145 1816 2181 quod
1837 2152 1902 2172 sane
1922 2152 1950 2172 n.

1208 2185 1268 2213 cod.
1286 2186 1354 2214 1340
1369 2186 1503 2222 congruit,
1520 2186 1629 2213 minime
1644 2194 1707 2213 vero
1723 2185 1817 2213 histor.
1836 2184 1950 2213 veritati.

1242 2230 1258 2257 8
1276 2229 1313 2257 Ex
1334 2229 1417 2257 Labb.
1437 2230 1546 2257 Concil.
1566 2230 1678 2258 Collecl.
1694 2234 1760 2257 tom.
1776 2236 1804 2264 v,
1820 2228 1871 2256 col.
1889 2227 1952 2256 830.

1242 2273 1259 2300 9
1283 2285 1294 2299 «
1305 2274 1345 2301 Ita
1359 2278 1433 2301 recte
1449 2282 1480 2301 ex
1496 2273 1555 2302 cod.
1569 2278 1622 2301 vat.
1635 2289 1667 2294 -—
1679 2274 1721 2301 ΑΙ.
1735 2282 1799 2301 mss.
1812 2272 1889 2308 quod
1899 2281 1952 2308 ap-

1206 2321 1289 2354 parel
1304 2319 1337 2346 in
1349 2319 1431 2347 cuius
1440 2319 1534 2346 adhue
1545 2318 1701 2347 sacerdotii
1714 2318 1789 2346 mihi
1798 2317 1953 2350 commissi,-

1207 2371 1288 2399 quam
1303 2363 1365 2391 lect.
1382 2363 1551 2398 Sit-mondus,
1568 2367 1636 2391 orat.
1654 2366 1770 2391 context.
1788 2361 1952 2398 refragante,

1208 2409 1234 2435 in
1251 2409 1322 2437 notis
1342 2410 1381 2436 sic
1395 2408 1541 2436 emendare
1556 2413 1720 2443 tentaverat3
1738 2411 1769 2436 ut
1783 2409 1906 2443 apparet
1922 2406 1952 2433 in

1206 2455 1294 2482 huius
1308 2454 1394 2482 aditu
1404 2455 1561 2482 sacerdotii
1571 2453 1791 2482 vn'lzicommissvi
1801 2463 1824 2480 ι.
1837 2452 1950 2480 Maurin.

1207 2499 1233 2525 in
1256 2499 1366 2526 Concil.
1385 2499 1458 2526 Gall.
1475 2502 1539 2526 tom.
1558 2505 1576 2532 1,
1592 2506 1653 2535 pag.
1675 2499 1724 2526 951
1743 2497 1807 2525 edit.
1825 2496 1913 2523 Paris.

1244 2543 1277 2569 to
1297 2553 1308 2569 ι
1323 2544 1413 2575 Quam
1432 2543 1577 2571 laudabili
1591 2543 1660 2578 fidei
1674 2541 1869 2570 sollicitudine
1884 2549 1951 2568 con-

1207 2583 1343 2618 cepisti».
1365 2582 1479 2610 Mam-tn.
1501 2583 1527 2610 in
1549 2586 1615 2610 text.
1636 2583 1654 2610 l.
1677 2590 1701 2609 c.
1717 2582 1785 2609 Sane
1801 2586 1883 2609 recte.

1245 2624 1271 2650 tt
1300 2636 1312 2647 α
1327 2624 1455 2652 Dicunt»
1480 2623 1564 2651 Labi).
1585 2622 1619 2649 ad
1639 2630 1723 2658 marg.

1976 809 2068 834 Quarum
2076 813 2151 830 semus
2192 820 2202 830 ⁷.

1967 837 2041 862 paucis
2050 836 2151 863 perstrin-

1968 863 2031 891 gitur.

1989 1607 2054 1628 Fides
2064 1607 2085 1629 in
2093 1606 2152 1628 Chri·
2196 1595 2201 1633 ’Ἰ

1969 1636 2001 1655 sto
2011 1640 2022 1655 o
2032 1633 2072 1655 Dei
2083 1634 2153 1661 aratia
2193 1646 2200 1658 ,»

1968 1660 2093 1688 repetenda.
