2244 3183
45 225 98 253 An.
116 224 146 252 C.
163 223 216 252 530

882 224 907 248 S.
929 223 1025 247 1³13th
1045 223 1077 250 Π
1097 224 1147 247 PP.

244 272 342 305 iaculi
365 272 421 311 tui,
438 278 468 305 et
489 273 586 305 facies
603 273 711 306 onmia
729 283 787 316 pro
807 272 924 316 quibus
944 272 990 304 in-

243 325 401 358 vocaverit
428 331 457 358 te
487 326 679 368 alienigena,
711 332 745 359 ut
767 326 891 359 discant
919 325 989 358 uni-

242 379 324 412 versi
334 380 444 424 populi
457 385 616 413 terrarum
630 391 747 413 nomen
758 387 847 413 tuum
861 380 986 418 timere,

243 433 326 473 sicut
340 434 480 478 populus
495 434 590 467 Israel
606 434 626 473 ¹3
644 440 671 467 et
689 434 827 478 probent
840 433 916 477 quia
930 443 988 465 no-

244 498 317 520 rnen
344 494 433 522 tuum
462 489 645 521 invocatum
672 494 716 521 est
738 498 835 531 super
855 488 987 520 domum

243 541 337 581 hanc,
356 553 452 586 quam
472 542 649 576 aedificavi.
674 542 704 576 Si
729 553 875 585 egressus
895 541 987 574 suerit

242 596 382 638 populus
400 602 473 629 tuus
489 596 529 629 ad
550 596 670 630 bellum
697 602 810 629 contra
841 596 989 628 inimicos

242 659 329 689 suos,
350 660 408 692 per
432 650 514 682 viam
539 645 746 694 quocumque
768 649 894 682 miseris
919 659 985 688 eos,

242 702 382 736 orabunt
409 709 439 736 te
464 710 577 737 contra
608 705 692 737 viam
715 704 862 742 civitatis,
891 713 987 747 quam

243 755 388 798 elegisti,
417 763 446 790 et
475 764 587 791 contra
615 758 760 798 domum,
785 768 882 801 quam
902 757 989 789 aedi-

242 809 332 843 ficavi
354 812 479 845 nomini
507 818 576 850 tuo,
610 818 640 844 et
661 812 811 845 exaudies
838 811 868 843 in
898 811 988 843 coelo

241 865 423 898 orationem
439 876 551 898 eorum
570 872 599 898 et
620 876 732 909 preces
754 876 878 904 eorum,
900 872 929 897 et
944 865 988 897 sa-

242 918 307 952 cies
337 919 492 952 iudicium
525 929 650 953 eorum.
682 919 773 958 Quod
791 919 815 951 si
837 929 988 962 peccare·

241 973 306 1005 rint
332 972 388 1006 tibi
414 973 492 1016 (non
521 979 569 1006 est
596 973 682 1005 enim
712 972 822 1011 homo,
847 972 900 1016 qui
922 982 985 1005 non

240 1032 365 1070 peccet)
391 1031 421 1059 et
451 1026 550 1059 iratus
571 1026 743 1059 tradideris
770 1037 825 1059 eos
848 1026 987 1058 inimicis

240 1080 317 1120 suis,
342 1087 371 1113 et
398 1081 514 1124 captivi
540 1081 626 1113 ducti
651 1080 770 1113 suerint
802 1080 833 1112 in
867 1086 985 1113 terram

240 1134 448 1167 inimicorum
474 1135 570 1177 longe
590 1135 638 1167 vel
664 1145 782 1178 prope,
811 1141 841 1167 et
861 1135 984 1177 egerint

240 1188 474 1230 poenitentiam
496 1188 526 1220 in
549 1188 646 1220 corde
668 1199 725 1220 suo
744 1188 774 1220 in
797 1189 868 1221 loco
887 1188 987 1231 capti-

240 1240 358 1281 vitatis,
385 1246 413 1273 et
440 1241 585 1274 conversi
607 1241 770 1284 deprecati
790 1241 909 1273 suerint
937 1241 988 1274 te²

241 1293 274 1325 in
295 1293 478 1336 captivitate
492 1304 560 1333 sua,
578 1294 742 1327 dicentes:
767 1294 984 1334 Pecsaximus,

240 1346 352 1389 inique
366 1347 501 1389 egimus,
516 1347 614 1390 impie
632 1348 806 1389 gessimus3
820 1354 848 1380 et
869 1347 986 1380 reversi

241 1399 360 1432 suerint
375 1401 414 1433 ad
430 1407 458 1432 te
474 1400 504 1433 in
519 1401 668 1433 universo
683 1402 780 1433 corde
794 1412 863 1441 suo,
878 1407 906 1433 ct
923 1407 988 1433 tota

241 1453 349 1486 anima
368 1464 436 1494 sua,
459 1454 490 1486 in
512 1460 596 1486 terra
611 1454 817 1486 inimicorum
837 1464 983 1492 suorum,

240 1506 280 1539 ad
305 1517 403 1550 quam
426 1507 542 1550 captivi
568 1507 656 1540 dus-ti
679 1508 804 1540 fuerant
820 1507 841 1546 ³,
866 1514 892 1540 ct
917 1518 987 1540 ora-

240 1560 344 1593 verint
368 1566 395 1594 te
416 1567 529 1594 contra
549 1561 631 1593 viam
657 1567 760 1594 terrae
780 1572 868 1601 suae,
889 1572 986 1605 quam

241 1613 357 1646 dedisti
393 1614 540 1657 patribus
579 1624 715 1651 eorum,
751 1620 781 1647 et
803 1614 813 1631 ⁴
852 1614 987 1647 civitatis

241 1678 338 1711 quam
365 1667 502 1710 elegisti,
522 1673 552 1701 et
574 1668 684 1712 templi
709 1668 796 1711 quod
819 1667 986 1700 aedificavi

241 1721 367 1754 nomini
389 1726 462 1762 tuo·,
487 1721 638 1754 exaudies
662 1721 693 1754 in
712 1721 814 1759 coelo,
833 1720 862 1753 in
878 1721 988 1754 [irma-

242 1780 351 1808 mento
368 1774 441 1808 solii
461 1775 516 1815 tui,
541 1774 720 1808 orationem
743 1785 855 1807 eorum
872 1780 901 1807 et
915 1785 989 1818 pre-

242 1837 294 1861 ces
318 1838 444 1868 eorum,
473 1833 504 1860 et
522 1828 617 1861 facies
638 1827 794 1860 iudicium
817 1838 941 1867 eorum,
958 1833 988 1861 et

241 1881 473 1925 propitiaberis
504 1882 627 1925 populo
659 1887 731 1920 tuo,
760 1881 814 1924 qui
846 1880 988 1925 peccavit

242 1935 312 1976 tibi,
326 1941 357 1968 et
373 1935 524 1968 omnibus
539 1935 764 1979 iniquitatibus
774 1945 901 1974 eorum,
918 1935 989 1978 qui-

241 1988 301 2022 bus
330 1989 542 2033 praevaricati
574 1995 647 2022 sunt
665 1989 675 2004 ⁵
696 1988 727 2021 in
759 1995 803 2027 te;
832 1994 863 2021 et.
897 1988 988 2021 dabis

242 2042 500 2076 misericordiam
526 2053 635 2075 coram
654 2042 717 2082 eis,
739 2042 793 2086 qui
812 2052 867 2075 eos
888 2042 988 2085 capti-

241 2105 296 2129 vos
316 2095 503 2137 habuerint,
531 2100 564 2128 ut
591 2095 806 2129 misereantur
837 2095 892 2128 eis.
930 2095 988 2128 Po-

279 2231 289 2254 1
309 2228 348 2255 ld.
370 2227 429 2255 cod.
450 2228 516 2255 13t0
536 2236 596 2255 cuni
611 2228 686 2255 Cont.
704 2228 795 2255 Const.
818 2228 890 2255 iuxta
907 2228 985 2263 Vulg.

241 2274 316 2302 sicut
329 2275 452 2309 populus
468 2277 533 2302 tuus
547 2274 650 2302 Israel.

277 2328 294 2354 2
309 2328 374 2355 Cod.
401 2337 429 2355 n.
450 2327 516 2355 3791
544 2328 608 2355 iuxt.
636 2327 712 2363 Vulg.
734 2328 785 2364 tog.
802 2329 987 2363 deprecante

242 2374 363 2408 fuerint.

278 2427 294 2454 3
310 2427 350 2454 Id.
368 2435 429 2454 cum
444 2427 519 2454 Cont.
538 2427 628 2454 Const.
646 2427 718 2454 iuxta
740 2427 848 2463 vulgat.
863 2427 986 2462 fuerint.

278 2482 296 2508 4
309 2481 408 2509 Contra
423 2481 526 2517 Vulgat.
544 2480 581 2508 id.
597 2481 657 2508 cod.
674 2481 758 2508 omitt.
777 2484 813 2510 et.

279 2536 295 2564 5
310 2535 387 2564 Cont.
404 2534 494 2563 Const.
505 2534 598 2562 etcod.
618 2535 785 2570 1340‚xutg.
802 2535 911 2571 refrag„
929 2544 987 2563 cor-

243 2579 313 2616 rigg.
334 2581 457 2615 fuerint.

279 2633 296 2660 6
311 2632 417 2669 Vulgat.
432 2633 485 2669 leg,
502 2633 654 2662 exaudias.

1670 210 1734 242 475

1024 272 1119 315 pulus
1144 271 1230 304 enim
1260 276 1333 304 tuus
1361 276 1418 311 cst,
1447 276 1475 303 et
1497 269 1680 302 haereditas
1701 274 1765 307 tua,

1024 336 1104 369 quos
1118 325 1252 358 eduxisti
1271 325 1310 357 de
1331 330 1416 357 terra
1430 323 1576 368 Aegypti,
1601 323 1639 355 de
1661 321 1769 354 medio

1023 380 1162 412 fornacis
1190 380 1325 418 ferreae,
1354 385 1385 411 ut
1412 379 1473 411 sint
1496 377 1580 410 oculi
1603 377 1647 409 tui
1665 375 1769 420 aperti

1024 434 1063 466 ad
1084 433 1346 477 (leprecationem
1365 433 1445 465 servi
1471 432 1515 464 tui
1535 437 1563 463 ct
1586 430 1697 474 populi
1723 429 1769 462 tui

1023 487 1131 526 Israel,
1156 493 1183 519 et
1210 487 1382 519 exaudies⁶
1400 496 1454 518 eos
1476 486 1506 517 in
1527 484 1684 517 universis
1709 494 1769 527 pro

1002 514 1142 587 [quilius
1167 539 1383 572 invocaverint
1411 545 1452 571 te.
1485 538 1530 571 Tu
1564 537 1648 570 enim
1678 547 1770 580 sepa-

1024 593 1099 626 rasti
1126 603 1180 625 eos
1202 593 1211 609 ⁷
1236 593 1266 625 in
1293 593 1525 625 haereditatem
1553 592 1591 624 de
1612 589 1770 623 universis

1024 647 1152 690 populis
1169 653 1286 686 terrae,
1303 647 1383 679 sicut
1407 647 1534 678 locutus
1555 656 1587 678 es
1608 655 1666 689 per
1683 644 1769 688 Moy-

1023 711 1078 734 sen
1100 711 1225 733 servum
1248 711 1341 733 suum
1357 701 1378 739 ⁸,
1400 700 1530 744 quando
1553 699 1688 732 eduxisti
1714 708 1770 742 pa-

1024 761 1086 787 tres
1107 761 1233 787 nostros
1264 755 1302 787 de
1329 761 1413 787 terra
1439 753 1606 798 Aegypti&
1634 752 1770 786 Domine

1023 810 1115 842 Deus
1145 809 1276 842 Factum
1300 815 1344 841 est
1367 814 1486 844 autem,
1516 818 1588 839 cum
1612 807 1771 850 comples-

1022 869 1070 895 set
1094 863 1247 895 Salomon
1270 872 1366 895 orans
1390 862 1563 894 Dominum
1597 871 1728 894 omnem
1747 859 1771 876 ¹⁰

1023 917 1204 949 orationem
1235 922 1265 949 et
1290 915 1552 958 deprecationem
1575 914 1668 953 lianc,
1692 924 1767 946 sur-

1024 970 1104 1004 rexit
1120 971 1157 1003 de
1173 975 1347 1014 conspectu
1365 969 1474 1002 altaris
1485 968 1624 1002 Domini.
1639 968 1770 1001 Utrum-

1022 1035 1084 1068 que
1103 1025 1189 1057 eniin
1212 1034 1296 1067 genu
1313 1023 1341 1056 in
1359 1028 1444 1056 terra
1463 1022 1586 1061 fixerat,
1604 1028 1634 1054 et
1655 1031 1770 1054 manus

1022 1079 1219 1122 expanderat
1244 1078 1283 1111 ad
1305 1077 1431 1111 coelum
1446 1076 1477 1109 ¹¹.
1505 1076 1597 1110 Stetit
1625 1085 1715 1118 ergo,
1739 1080 1771 1108 et

1022 1132 1184 1164 benedixit
1205 1131 1292 1164 omni
1312 1130 1472 1163 Ecclesiae
1491 1130 1599 1169 Israel,
1616 1139 1693 1162 voce
1704 1139 1771 1161 ma-

1023 1196 1083 1227 gna
1102 1186 1227 1219 dicens:
1250 1185 1440 1218 Benedictus
1456 1184 1628 1223 Dominus,
1647 1183 1701 1226 qui
1716 1183 1770 1216 de-

1023 1240 1068 1272 dit
1080 1240 1224 1283 requiem
1236 1239 1358 1282 populo
1370 1248 1428 1271 suo
1440 1238 1535 1270 Israel
1550 1238 1634 1270 iuxta
1646 1237 1766 1275 omnia,

1023 1304 1106 1336 quae
1135 1293 1263 1325 locutus
1294 1297 1355 1330 cs13
1395 1301 1459 1323 non
1483 1290 1599 1323 cecidit
1621 1301 1660 1323 ne
1686 1300 1770 1323 unus

1023 1346 1153 1390 quidem
1173 1355 1279 1378 sermo
1301 1345 1331 1377 in
1353 1345 1505 1377 omnibus
1522 1343 1542 1360 ¹²
1563 1354 1620 1387 per
1642 1344 1769 1387 Moysen

1022 1411 1149 1433 servum
1176 1410 1282 1432 suum.
1315 1399 1358 1431 Sit
1382 1398 1536 1432 Dominus·
1556 1398 1639 1430 Deus
1660 1403 1770 1430 noster

1023 1454 1205 1491 nobiscum,
1225 1453 1305 1485 sicut
1323 1453 1463 1485 suitcum
1479 1451 1766 1491 rati-ibusnostris‚

1023 1518 1086 1539 non
1112 1507 1342 1550 derelinquens
1363 1516 1421 1538 nos
1442 1516 1547 1549 neque
1579 1505 1766 1548 proficiens,

1022 1562 1078 1594 scd
1104 1561 1235 1594 inclinet
1262 1561 1360 1593 corda
1385 1566 1496 1593 nostra
1517 1560 1554 1592 ad
1574 1570 1617 1597 se,
1639 1566 1671 1591 ut
1695 1569 1766 1592 amm

1022 1615 1171 1648 bulemus
1197 1615 1228 1647 in
1251 1614 1408 1647 universis
1433 1613 1492 1645 viis
1512 1613 1592 1653 eius,
1616 1619 1645 1645 et
1664 1618 1770 1646 custo-

1023 1669 1149 1702 diamus
1163 1668 1315 1700 mandata
1337 1667 1417 1707 eius,
1436 1673 1467 1700 et
1480 1667 1714 1706 caeremonias,
1739 1672 1770 1699 et

1023 1721 1141 1754 iudicia
1175 1731 1401 1765 quaecumque
1434 1720 1597 1753 mandarit
1622 1719 1770 1753 Patribus

1022 1775 1152 1815 nostris,
1176 1780 1205 1807 et
1227 1775 1468 1807 sintsermones
1489 1774 1551 1807 mei
1574 1774 1634 1813 isti,
1652 1773 1770 1817 quibus

1023 1829 1214 1872 deprecatus
1239 1838 1309 1861 sum
1337 1838 1446 1860 coram
1472 1827 1621 1864 Domino,
1645 1837 1767 1870 appro-

1023 1882 1215 1926 pinquantes
1244 1880 1381 1914 Domino
1413 1881 1477 1913 Deo
1507 1886 1617 1912 nostro
1651 1880 1702 1912 ‹lie
1734 1890 1770 1912 ae

1023 1941 1127 1975 nocte,
1156 1941 1188 1967 ut
1220 1934 1312 1967 saciat
1339 1933 1495 1967 iudicium
1528 1943 1620 1966 scrxo
1641 1944 1710 1973 suo,
1739 1939 1769 1966 ct

1023 1990 1144 2033 populo
1163 1999 1221 2021 suo
1236 1988 1330 2021 lsrael
1354 1999 1412 2031 pcr
1431 1987 1576 2029 singulos
1597 1988 1682 2027 dies;
1707 1993 1736 2020 et
1751 1986 1770 2003 ¹³

1022 2043 1124 2076 sciant
1139 2053 1252 2076 omnes
1265 2041 1377 2086 populi
1394 2048 1508 2081 terrae,
1524 2041 1599 2085 quia
1613 2041 1769 2074 Dominus

1024 2098 1090 2141 ipse
1117 2103 1163 2131 est
1190 2098 1284 2138 Deus,
1316 2102 1346 2129 ct
1372 2106 1437 2130 non
1470 2100 1516 2129 est
1541 2096 1625 2128 ultra
1646 2095 1767 2139 absque

1059 2230 1071 2256 7
1093 2242 1103 2253 u
1115 2230 1267 2264 Separasti
1283 2237 1328 2256 eos
1340 2229 1392 2256 tibi
1406 2242 1416 2252 n
1433 2229 1521 2256 Caras.
1538 2237 1598 2255 cum
1615 2228 1722 2264 vulgat.
1740 2231 1767 2256 et

1004 2295 1005 2300 ,
1023 2275 1083 2302 cod.
1103 2276 1179 2301 1320.

1057 2320 1073 2346 8
1089 2319 1135 2346 lid.
1154 2319 1226 2346 iuxta
1246 2319 1321 2353 Vulg.
1342 2320 1450 2347 locutus
1464 2327 1492 2345 es
1504 2327 1557 2353 pei·
1578 2319 1691 2353 Moysen
1707 2327 1766 2347 ser-

1022 2373 1087 2392 vum
1103 2368 1195 2391 tuum.

1056 2410 1073 2435 9
1089 2409 1194 2444 Vulgat.
1211 2409 1244 2435 de
1261 2409 1400 2443 Aeyyplo,

1059 2454 1091 2480 ¹0
1107 2454 1183 2480 Cont.
1201 2454 1292 2480 Const.
1306 2458 1392 2481 contr.
1411 2453 1515 2489 Vulgat.
1533 2453 1623 2481 delent
1640 2462 1763 2481 omnem.

1058 2500 1084 2524 ll
1106 2497 1211 2531 Vulgat.
1227 2498 1258 2524 iu
1275 2498 1394 2524 coetum.

1059 2543 1091 2569 12
1115 2553 1125 2567 a
1141 2542 1186 2569 Eoe
1206 2542 1337 2569 omnibus
1360 2542 1440 2570 bonis
1465 2551 1538 2577 quae
1558 2543 1668 2572 locutus
1687 2546 1763 2570 est».

1021 2586 1085 2614 Cod.
1100 2586 1249 2614 1340iuxta
1257 2587 1336 2622 Vulg.

1058 2632 1090 2659 13
1106 2631 1211 2667 vulgat.
1227 2634 1259 2659 ut
1273 2632 1377 2660 sciant.

1799 218 1847 248 An,
1866 218 1895 245 C.
1920 218 1973 246 530
