2244 3183
263 208 312 234 An.
332 208 360 235 C.
379 208 425 235 45¹

274 324 337 349 Yirgu
348 323 443 343 Ecclesia

260 358 282 375 sp
294 353 372 370 nisarst
383 356 442 369 unitis

261 385 297 397 »iii
313 378 396 397 Christi.

279 793 396 813 Anatolium
405 784 442 818 per

257 819 338 845 legatos
354 820 374 839 in
380 845 385 850 ἱ
393 825 442 845 prn-

257 847 327 872 posito
334 848 441 867 conmutat

257 1414 306 1431 meu

256 1440 357 1459 tantumn!

257 1470 326 1486 rorent
350 1463 361 1483 d
405 1469 425 1482 ιι

257 1497 341 1511 suat-nm

256 1519 333 1538 siarum
351 1522 441 1536 commn-

256 1546 319 1566 uione
341 1543 441 1564 fruantur.

495 198 536 232 74

458 267 532 290 nem
558 261 681 289 castam
709 255 857 289 eada-ibere
880 256 1007 291 Christo
1032 256 1050 290 ¹.
1074 257 1130 290 llla
1155 263 1201 291 est

459 311 543 343 enim
562 310 651 353 virgo
676 310 827 351 Ecclesia,
850 321 968 354 sponsa
991 310 1087 345 unius
1106 311 1166 344 viri
1190 310 1200 328 ⁹

458 364 582 404 Christi,
604 375 685 408 quae
706 364 795 397 nullo
815 374 848 397 se
873 364 995 408 patitur
1019 375 1128 398 errore
1149 365 1197 398 vi-

460 417 553 457 tiari,
581 422 616 450 ut
636 428 693 461 per
713 422 815 451 totum
838 418 996 452 mundum
1019 428 1082 452 una
1107 418 1200 452 nobis

457 470 495 503 sit
516 470 610 504 unius
632 477 737 505 castae
758 472 996 505 communionis
1021 472 1196 515 integritas,

458 524 489 556 in
508 535 571 568 qua
592 525 779 559 societatem
798 531 870 559 tuae
894 526 905 542 ³
925 526 1105 559 dilectionis
1126 537 1196 559 am-

458 578 640 620 plectimur,
663 584 691 612 et
705 585 880 622 gestorum,
891 590 972 623 quae
990 580 1196 624 sumpsimus,

458 632 573 665 seriem
595 633 783 666 necessariis
802 633 823 674 ⁴¹,
847 633 929 667 sicut
953 634 1106 677 oportuit,
1131 645 1200 667 mu-

457 685 560 718 nitum
589 686 880 730 subscriptionilms
905 687 1133 731 approbamus.
1162 688 1201 721 Ut

457 749 534 781 ergo
556 739 691 777 invicem
715 741 896 774 dilectionis
918 747 990 774 tuae
1004 742 1131 775 animus
1143 752 1200 775 no-

457 793 528 826 stris
554 794 802 827 confirmaretur
827 795 998 838 alloquiis,
1022 795 1105 829 filios
1136 806 1197 829 no-

456 851 539 879 stros
553 846 728 881 Castorium
747 847 757 863 ⁵
777 848 1010 892 presbyterum,
1026 849 1198 882 Patricium

457 906 488 934 et
508 901 730 945 Asclepiadem
748 902 912 943 diaconos,
930 902 982 946 qui
997 902 1037 935 ad
1055 913 1113 936 nos
1128 903 1200 936 tuaG

456 955 575 999 scripta
596 956 813 997 detulerunt7,
827 967 898 989 cum
921 957 1065 1000 epistolis
1082 958 1199 991 nostris

455 1015 526 1052 post
548 1009 763 1042 venerabilem
788 1009 873 1043 diem
906 1010 976 1043 sesti
1007 1011 1166 1054 paschalis
1190 1012 1200 1027 Β

455 1062 650 1103 remisimus,
674 1063 851 1097 indicantes
872 1074 950 1105 nos,
974 1069 1009 1096 ut
1029 1075 1125 1107 supra
1146 1064 1196 1097 (li-

455 1115 570 1157 ximus,
594 1117 633 1149 de
653 1117 1023 1161 Constantinopolitanae
1041 1119 1199 1152 Ecclesiae

456 1180 534 1213 pace
560 1170 723 1211 gaudere,
748 1170 799 1204 cui
824 1171 906 1204 lianc
936 1182 1046 1204 curam
1073 1183 1200 1216 semper

457 1223 687 1266 impendimus,
710 1229 746 1258 ut
766 1235 836 1258 eam
857 1225 946 1258 nulla
970 1226 1105 1259 velimus
1126 1226 1199 1260 liae-

455 1277 630 1311 reticorum
651 1279 763 1311 fraude
783 1278 907 1312 violari.

500 1330 571 1364 Car.
594 1332 630 1364 II.
654 1332 698 1365 De
727 1332 879 1365 fratribus
905 1333 915 1349 ⁰
935 1343 1031 1374 vero,
1056 1345 1137 1377 quos
1169 1340 1200 1367 et

457 1384 600 1428 epistolis
627 1385 708 1426 tuis,
742 1391 771 1419 et
801 1387 983 1428 legatorum
1012 1393 1198 1421 nostrorum

434 1438 611 1483 fi'elatione
632 1439 870 1473 communionis
887 1446 1016 1474 nostrae
1034 1441 1168 1485 cupidos
1178 1441 1201 1458 ¹⁰

421 1495 442 1509 ⁰·
457 1502 525 1525 esse
539 1492 760 1534 cognovimus,
776 1504 813 1526 eo
827 1493 915 1537 quod
929 1494 1059 1527 doleant
1074 1505 1107 1528 se
1122 1505 1198 1528 eon-

458 1550 505 1578 tra
519 1544 906 1590 potentiam“contraque
922 1552 1060 1581 terrores
1074 1558 1138 1581 non
1152 1554 1199 1581 te-

456 1599 564 1632 nuisse
585 1599 797 1633 constantiam
811 1599 841 1641 ¹2,
859 1599 945 1633 sed¹3
961 1601 1066 1634 alieno
1087 1601 1198 1635 sceleri

456 1652 642 1696 praebuisse
650 1664 854 1695 consensum,
866 1665 938 1687 eum
948 1654 990 1687 ita
998 1665 1052 1688 eos
1061 1655 1199 1689 formido

456 1705 625 1749 turbasset,
640 1706 721 1739 utin
735 1707 976 1741 damnationem
990 1708 1139 1741 catholici
1154 1714 1200 1741 at-

457 1769 518 1801 que
528 1758 707 1792 innocentis
716 1760 885 1802 Antistius,
896 1761 969 1794 etin
982 1761 1198 1805 receptionem

457 1813 652 1847 detestabilis
672 1814 837 1858 pravitatis
859 1815 984 1859 trepido
1006 1816 1200 1849 famularen-

457 1872 508 1899 tur
528 1867 700 1911 ol)sequio;
724 1868 803 1901 illud
831 1869 961 1912 quidem
985 1870 1082 1913 quod,
1106 1880 1199 1913 prae-

456 1921 599 1955 sentibus
617 1927 647 1955 et
664 1922 832 1966 agentibus
853 1922 971 1956 nostris
991 1923 1199 1957 constitutum

495 2031 504 2056 1
528 2029 551 2056 ΙΙ
568 2029 628 2056 Cor.
651 2036 685 2061 xl,
704 2030 730 2056 9.

493 2073 509 2100 ⁶..)
524 2073 641 2101 Cacciar.
664 2075 680 2101 l.
704 2083 726 2101 c.
745 2074 853 2110 mendo,
870 2077 899 2102 ut
916 2074 1030 2108 videtur,
1042 2075 1198 2112 typograph.

457 2121 525 2141 verz.

493 2158 510 2185 3
527 2158 645 2186 Cacciar.
667 2159 685 2186 1.
708 2168 730 2186 c.
753 2168 831 2186 snae.

492 2204 507 2229 4
523 2204 640 2231 Cacciar.
649 2204 666 2231 l.
677 2213 698 2231 e.
708 2205 890 2233 necessitatis.
899 2205 1037 2237 Mendose,
1046 2210 1075 2232 ut
1086 2204 1200 2232 videtur.

494 2248 510 2273 5
530 2260 541 2273 κ
556 2248 597 2275 Al.
617 2249 804 2278 Carmei-inm
815 2249 857 2276 vel
874 2250 1040 2278 Camertum
1057 2250 1097 2277 vel
1120 2250 1196 2277 Cate-

457 2288 536 2315 rinm
554 2288 596 2315 vel
613 2289 783 2318 Carnert'mn
804 2289 845 2317 vel
868 2290 1028 2318 Castorz'nm
1050 2301 1074 2317 ».
1105 2290 1199 2318 Baller.

459 2328 509 2354 col.
528 2328 595 2355 1039
615 2332 642 2355 et
657 2329 774 2356 Cacciar.
792 2330 809 2356 l.
833 2338 854 2357 c.

494 2373 510 2398 6
534 2384 545 2397 ι(
565 2373 605 2400 ΑΙ.
627 2377 759 2402 vestra».
778 2374 903 2402 Ballerin.
925 2376 943 2402 l.
962 2384 984 2402 c.

495 2413 509 2440 7
534 2424 546 2438 «
561 2413 601 2440 At.
619 2414 819 2443 detulerant».
845 2415 969 2443 Ballerin.
988 2416 1004 2442 l.
1026 2424 1047 2443 c.

493 2453 511 2479 8
534 2464 546 2478 t(
565 2453 604 2481 Al.
621 2454 725 2489 festum
738 2456 939 2490 paschalem».
962 2455 1086 2484 Ballerin.
1108 2456 1125 2483 l.
1143 2464 1165 2484 e.

494 2493 512 2520 9
535 2495 620 2522 «Vat.
647 2495 714 2522 3791
751 2496 785 2523 de
814 2497 959 2531 fratribus
987 2497 1161 2532 recipiendis
1178 2505 1200 2523 ».

461 2534 581 2562 Cacciar.
603 2535 620 2562 l.
640 2543 662 2562 c.

498 2579 530 2606 10
548 2589 560 2603 «
572 2579 613 2606 Al.
626 2580 784 2615 cupiditate
793 2580 988 2615 inflammatos
1001 2591 1025 2608 ».
1039 2580 1134 2608 Baller.
1148 2580 1164 2607 l.
1179 2588 1201 2607 c.

497 2619 524 2645 11
549 2631 561 2644 ιι
581 2619 619 2646 ΑΙ.
638 2620 840 2655 impotentiam
849 2632 874 2647 ».
893 2620 1018 2649 Ballerin
1031 2620 1047 2648 l.
1063 2620 1205 2648 cecilie&

984 209 1145 233 APPENDlx
1165 209 1313 234 BULLARII
1334 211 1453 236 ROMANI

2007 210 2056 238 An.
2072 210 2101 238 C.
2122 211 2175 240 451²

1234 263 1291 299 est,
1314 259 1542 302 approbamus,
1563 264 1597 291 ut
1617 268 1749 291 suarum
1769 258 1898 292 interim
1919 259 1975 292 Ec-

1234 311 1403 346 clesiarum
1425 318 1530 346 essent
1554 312 1783 346 communione
1808 313 1971 346 contenti:

1234 366 1288 399 sed
1315 377 1385 399 cum
1408 366 1519 409 legatis
1539 366 1673 407 nostris,
1698 376 1778 410 qnos
1807 366 1972 407 misimus,

1235 419 1424 463 participata
1446 425 1550 453 tecum
1572 419 1799 460 sollicitudine,
1827 420 1975 453 volumus

1234 473 1439 516 disponatur,
1463 479 1620 516 quatenus
1640 472 1693 514 hi,
1717 472 1772 516 qui
1796 472 1899 516 plenis
1919 483 1972 506 sa·

1236 527 1467 560 tissactionibus
1493 528 1575 560 male
1596 532 1683 569 gesta
1703 527 1930 567 condemnant,
1945 532 1975 560 et
2015 537 2104 569 Αιειιιο
2119 538 2173 559 maie

1234 578 1414 613 accusare¹⁴
1435 590 1468 613 se
1489 580 1590 623 magis
1608 580 1741 623 eligunt,
1766 590 1863 623 quam
1878 579 1970 620 tueri,
1988 565 2175 624 fjssssffifflfixgggg

1234 634 1321 677 pacis
1357 639 1387 667 et
1418 633 1656 667 communionis
1689 639 1818 667 nostrae
1853 633 1974 667 unitate
1987 620 2174 666 ssbtffiiiii'f'mm'e

1235 688 1410 728 laetentur,
1432 688 1474 720 ita
1492 694 1526 720 ut
1544 687 1642 730 digno
1656 687 1744 731 prius
1758 687 1972 728 anathemate,

1235 751 1316 784 qnae
1337 746 1449 774 contra
1473 741 1569 774 fidem
1600 740 1790 774 catholicam
1818 747 1891 775 sunt
1919 751 1972 774 re-

1235 799 1344 838 cepta,
1374 795 1578 839 damnentur.
1607 795 1707 828 Aliter
1734 794 1820 828 enim
1849 794 1881 827 in
1911 794 1973 828 Ec-

1235 848 1331 881 clesia
1350 847 1446 890 Dei'5,
1464 860 1545 893 quae
1566 859 1683 893 corpus
1704 855 1750 882 est
1770 848 1896 890 Christi,
1916 859 1977 881 nec

1235 907 1303 935 rata
1319 901 1340 918 ¹⁰
1363 908 1437 936 sunt
1456 903 1636 936 sacerdotia
1650 930 1658 944 ,
1680 913 1740 936 nec
1759 913 1834 936 vera
1853 902 1976 935 sacrifi-

1235 956 1301 997 cia,
1325 956 1386 989 nisi
1408 956 1439 989 in
1460 962 1587 990 nostrae
1617 956 1814 1001 proprietate
1841 962 1976 989 naturae

1235 1021 1326 1043 verus
1344 1021 1415 1044 -nos
1441 1010 1585 1044 Pontifex
1612 1010 1811 1052 reconciliet,
1839 1021 1932 1044 verus
1956 1009 1976 1027 ¹⁷

1236 1063 1431 1097 immaculati
1454 1064 1535 1106 Agni
1567 1064 1696 1107 sanguis
1724 1064 1887 1098 emundet.
1916 1063 1975 1103 Qui

1235 1120 1308 1153 licet
1324 1119 1357 1152 in
1376 1119 1478 1152 Patris
1502 1119 1543 1152 sit
1563 1119 1692 1152 dextera
1712 1118 1914 1159 constitutus,
1943 1118 1975 1151 in
1990 1125 2175 1173 cmucntnnsffingn

1234 1174 1345 1207 eadem
1368 1179 1474 1206 tamen
1495 1183 1602 1213 carne,
1614 1183 1710 1216 quam
1730 1172 1844 1206 sumsit
1860 1183 1897 1205 ex
1907 1171 1976 1205 Vir-
1991 1167 2063 1226 23¹}ss
2079 1167 2176 1226 iflgmgffj}

1234 1227 1317 1269 gine,
1335 1232 1572 1260 sacramentum
1586 1225 1825 1269 propitiationis
1845 1225 1975 1269 exequi·
1989 1211 2177 1280 girffigoffffilzsg

1234 1287 1296 1321 tur,
1307 1281 1433 1314 dicente
1446 1279 1614 1324 Apostolo:
1638 1279 1787 1313 Christus
1800 1279 1902 1319 Iesus,
1918 1279 1977 1322 φοί
1991 1272 2070 1313 qu'aur.

1235 1339 1380 1368 mortuus
1401 1338 1455 1374 est,
1480 1334 1580 1366 ‘immo
1611 1332 1670 1376 qui
1694 1337 1722 1365 et
1748 1332 1926 1366 resurrexit
1943 1330 1973 1374 ¹¹³,

1233 1389 1293 1432 qni
1317 1393 1361 1422 est
1385 1388 1418 1421 ‘in
1441 1387 1572 1420 dextera
1591 1386 1652 1419 Det·
1669 1385 1701 1428 ⁴⁰,
1722 1387 1781 1430 qui
1804 1387 1904 1420 etiam
1926 1387 1978 1419 in·

1236 1442 1384 1485 lerpetlal
1400 1452 1461 1485 pro
1481 1438 1613 1473 uotu'sffl.
1634 1440 1744 1483 Neque
1765 1439 1849 1473 enim
1871 1445 1977 1483 potest
2227 1482 2229 1486 ι

1235 1495 1266 1528 in
1287 1495 1394 1538 aliquo
1415 1493 1595 1536 benignitas
1615 1499 1725 1526 nostra
1755 1492 1950 1536 reprehendi
1964 1519 1972 1534 ,
1990 1498 2176 1551 wlssss'nissonbffl'ssjss
2225 1507 2227 1511 ·

1235 1559 1307 1582 cum
1332 1547 1561 1582 satisfacientes
1589 1547 1776 1591 recipimus,
1805 1557 1887 1591 quos
1911 1547 1972 1580 do-
1990 1551 2081 1578 suenda-

1235 1603 1341 1636 ulmus
1362 1613 1430 1636 esse
1456 1602 1620 1646 deceptos.
1648 1602 1712 1635 Nee
1738 1611 1852 1645 aspere
1877 1600 1976 1643 igitur

1236 1655 1473 1688 communionis
1500 1660 1628 1688 nostrae
1656 1654 1758 1697 gratia
1788 1653 1977 1697 deneganda

1236 1715 1300 1751 est,
1329 1720 1388 1743 nec
1416 1714 1538 1742 temere
1570 1708 1755 1751 largienda:
1791 1707 1868 1752 quia
1896 1707 1978 1741 sieut

1235 1765 1367 1808 plenum
1392 1764 1520 1808 pietatis
1540 1769 1587 1796 est
1606 1762 1767 1806 oppressis
1788 1761 1976 1795 charitatem

1236 1817 1431 1851 dominicam
1460 1816 1639 1858 redhiberi,
1659 1816 1703 1849 ita
1729 1816 1847 1849 iustum
1873 1821 1921 1849 est
1941 1826 1975 1849 o-

1236 1872 1322 1904 nmia
1357 1870 1608 1915 perturbationis
1644 1870 1831 1904 auctoribus
1866 1869 1974 1914 impu-

1236 1925 1295 1960 tari
1309 1924 1340 1958 ⁸³¹.

1235 2032 1439 2060 immoderatam
1451 2031 1607 2068 potentiam.
1618 2031 1675 2059 vid.
1687 2035 1744 2059 not.
1765 2031 1795 2059 13
1805 2030 1838 2059 ad
1854 2039 1914 2067 pag.
1931 2030 1975 2065 54,

1237 2068 1263 2095 h.
1284 2068 1335 2096 vol.

1270 2110 1304 2136 12
1324 2120 1335 2133 «
1353 2108 1391 2134 ᾹΙ.
1409 2107 1578 2135 senlenlc'am
1595 2118 1619 2134 ».
1637 2107 1761 2135 Ballerin.
1778 2108 1795 2135 l.
1814 2116 1836 2134 c.

1273 2150 1304 2176 13
1324 2160 1336 2174 «
1352 2149 1407 2175 Duo
1417 2148 1484 2174 Vatt.
1495 2150 1554 2175 et».
1568 2148 1684 2175 Cacciar.
1697 2150 1713 2175 l.
1725 2157 1747 2175 c.
1760 2148 1840 2176 [lecte
1854 2147 1973 2184 quidem.

1274 2190 1304 2216 14
1323 2200 1335 2213 ι(
1350 2190 1408 2215 Duo
1425 2188 1493 2215 Vatt.
1505 2188 1669 2216 accusari».
1683 2188 1808 2216 Ballerin.
1827 2188 1876 2215 col.
1896 2188 1972 2215 1040.

1237 2224 1376 2257 Mendose,
1395 2227 1424 2250 ut
1440 2223 1545 2259 opinor.

1274 2262 1306 2287 15
1326 2260 1387 2287 Can.
1406 2260 1438 2287 in
1454 2258 1568 2285 ecclesia
1584 2259 1640 2286 Dei
1653 2259 1687 2286 68
1698 2259 1775 2286 Caus.
1789 2260 1816 2293 1,
1831 2261 1933 2294 quaest.
1949 2259 1972 2286 1.

1273 2297 1305 2323 16
1325 2307 1337 2320 «
1351 2296 1392 2322 ΑΙ.
1410 2298 1524 2322 sacrata
1544 2295 1586 2321 vel
1600 2302 1681 2323 sacra
1699 2305 1722 2322 n.
1742 2294 1865 2322 Ballerin.
1887 2295 1905 2322 l.
1924 2303 1947 2321 c.

1273 2333 1304 2359 17
1329 2342 1341 2356 (ι
1361 2331 1398 2357 ΑΙ.
1411 2330 1442 2357 'et
1461 2337 1541 2358 verus
1556 2340 1581 2356 υ.
1603 2329 1727 2357 Ballerin.
1748 2330 1766 2358 l.
1783 2339 1805 2358 e.

1269 2367 1306 2398 ‘18
1322 2371 1438 2398 Cacciar.
1461 2378 1521 2405 pag.
1543 2370 1594 2397 247
1614 2371 1752 2400 stcrreoea't.
1777 2371 1876 2399 Contra
1898 2370 1974 2406 Vulg.

1238 2407 1327 2434 sidem.

1272 2444 1307 2470 19
1331 2453 1342 2467 «
1362 2442 1419 2468 Vat.
1433 2441 1498 2468 3791
1522 2441 1559 2468 acl
1574 2442 1724 2470 dea-teram
1739 2442 1810 2476 Dei;
1832 2441 1890 2470 cod.
1909 2442 1972 2470 434¹

1238 2478 1312 2505 addit
1325 2478 1421 2505 sedens
1438 2486 1459 2503 ι).
1483 2476 1600 2504 Cacciar.
1617 2477 1634 2504 l.
1653 2485 1675 2504 c.

1272 2515 1307 2541 ⁰20
1319 2514 1396 2576 gom.
1407 2519 1462 2546 vnl,
1474 2511 1517 2546 34,
1530 2512 1576 2539 ubi
1586 2513 1657 2549 apud
1667 2513 1743 2548 Vulg.
1753 2512 1827 2549 legit.
1837 2513 1875 2540 ad
1883 2513 1977 2541 dexte-

1238 2557 1304 2577 ram
1345 2558 1380 2575 ez.

1273 2585 1304 2612 21
1328 2584 1406 2612 «Duo
1426 2583 1493 2611 Van.
1516 2584 1616 2613 omnia
1630 2584 1827 2619 perturbantis
1851 2585 1977 2614 auctori-

1239 2623 1324 2649 tatem
1348 2622 1500 2656 amputari
1516 2632 1536 2648 ›».
1561 2619 1682 2647 ballerin.
1700 2623 1726 2647 et
1746 2620 1864 2648 Cacciar.
1886 2621 1913 2648 ll.
1935 2628 1974 2648 ec.
