2244 3183
89 190 138 218 Αἰι.
156 190 185 218 C.
206 187 258 219 534

125 893 221 915 Caesarii
238 895 271 916 lit-

85 923 144 941 terae
163 921 205 942 sibi
229 924 271 944 lra-

85 947 151 968 ditae.

128 1109 270 1131 Contumelio-

83 1142 129 1157 sum
144 1137 171 1158 ab
182 1137 270 1163 Episco-

83 1165 145 1188 patus
153 1164 228 1185 ordine
236 1170 270 1185 su-

83 1190 175 1215 spendit.

131 1376 169 1399 Qui
186 1382 198 1396 a
213 1376 269 1397 Cae-

81 1403 139 1423 sario
160 1403 180 1423 in
195 1409 268 1423 monn-

81 1429 169 1449 sterium
187 1432 218 1450 ost
236 1436 267 1450 re-

81 1456 192 1481 legati-lus,

115 1640 210 1668 Eiusque
226 1643 267 1663 Ec-

80 1668 159 1688 etesiae
168 1669 267 1690 visitator

79 1695 248 1718 substituendus.

903 192 929 217 s.
959 192 1096 217 maxses
1113 193 1136 218 n
1156 194 1206 218 pp,
1719 185 1776 219 501
1848 196 1897 224 An.
1919 196 1948 225 c.
1964 196 2016 225 534

512 240 699 275 EPISTOLA
726 241 763 274 lv
775 240 794 274 ¹.

288 349 441 384 Caesario
471 348 662 383 Arelatensi
691 349 836 392 episcopo
866 347 1029 387 rescribit,

330 408 367 436 ut
390 403 669 438 Contumeliosum
694 402 894 446 episcopatus
913 402 1034 435 honore

330 458 500 501 privatum
517 457 554 490 in
574 457 812 490 monasterium
839 457 908 500 ipse
927 460 1033 488 retru-

330 510 399 551 dat,
413 511 545 555 eiusque
555 510 728 552 Ecclesiae,
744 509 842 543 donec
859 520 961 543 noras
974 519 1034 542 an-

331 565 419 598 n'stes
439 565 594 609 eliyalur,
617 565 821 598 visitatorem
841 563 1028 596 constituat.

332 619 503 653 Canonum
536 618 651 652 titulos
675 618 718 651 ad
742 628 875 651 causam
907 627 1031 650 accom-

329 672 477 706 modatos
494 672 639 706 subiicit.

355 762 556 790 Dilectissimo
571 762 660 790 fratri
676 761 814 789 caesario
831 761 968 789 Ioannes-

331 834 501 869 Charitatis
526 840 599 868 tuae
629 834 752 868 litteras
784 834 893 867 animo
916 832 1032 866 libenti

285 889 497 933 suscepimus,
522 889 554 922 in
572 889 689 933 quibus
703 899 877 933 corporeas
894 887 1033 921 necessi-

287 949 366 977 tates
390 943 544 986 allegans,
568 943 664 977 etiam
694 953 778 987 quae
794 942 940 976 sacrius'2
963 941 1029 982 ille,

285 997 341 1041 qui
365 998 474 1041 lapsus
499 1003 563 1039 est,
586 997 699 1031 fecerit
726 997 876 1031 indicasti
890 997 911 1029 ³.
939 997 1031 1030 Dole-

286 1061 357 1084 mus
390 1052 430 1085 de
461 1051 636 1085 amissione
667 1051 854 1093 Pontificis,
889 1050 1030 1093 rigorem

287 1110 394 1139 tamen
415 1116 577 1139 canonum
599 1116 726 1140 servare
744 1116 874 1140 necesse
900 1111 958 1139 cst.
979 1106 1033 1138 At-

285 1169 348 1202 que
369 1159 442 1193 ideo
460 1160 662 1204 praedictum
685 1160 724 1193 al)
746 1160 950 1204 episcopatus
978 1169 1031 1192 or-

285 1212 361 1246 dine
381 1219 493 1247 nostra
514 1213 681 1257 suspendit
706 1214 893 1247 auctoritas.
921 1214 1032 1258 Neque

284 1266 371 1299 enim
390 1267 434 1300 sas
455 1273 502 1300 est
521 1267 683 1311 pollutum
705 1267 908 1308 criminibus,
932 1268 1032 1301 sacris

285 1319 474 1354 ministeriis
499 1321 671 1355 deservire.
708 1322 769 1355 Sed
794 1328 823 1355 te
843 1322 1028 1363 ordinante,

284 1373 315 1406 in
335 1374 555 1408 monasterio⁴
573 1375 742 1417 dirigatur,
758 1375 813 1408 ubi
834 1375 1029 1409 delictorum

283 1437 411 1460 memor
425 1428 456 1461 in
471 1428 671 1472 poenitentia
692 1429 850 1473 lacrymas
862 1430 1030 1477 ell'undefe

282 1490 347 1513 non
370 1481 508 1522 omittat,
529 1487 563 1514 ut
583 1481 623 1514 ab
644 1491 694 1519 eo,
718 1482 773 1525 qui
795 1482 947 1524 omnibus
968 1483 1028 1515 mi-

281 1539 420 1574 seretur,
443 1534 581 1567 Domino
599 1540 710 1568 nostro
731 1536 801 1568 Iesu
826 1535 950 1569 Christo
970 1536 1030 1568 mi-

281 1587 494 1620 sericordiam
523 1589 628 1621 valeat
652 1588 846 1632 promereri.
881 1590 916 1622 In
937 1589 1029 1622 cuius

281 1640 390 1674 locum
406 1641 605 1675 visitatorem
623 1642 818 1683 constituite,
834 1643 938 1676 donec
951 1653 1028 1687 pro-

280 1694 388 1738 prium
412 1695 572 1738 Ecclesia,
607 1707 690 1740 quae
712 1702 865 1730 evacuata
886 1703 934 1730 est
960 1697 1029 1731 eius

281 1810 348 1830 coss.
367 1801 439 1837 quod
455 1805 545 1830 tamen
560 1810 623 1830 ann.
641 1811 694 1831 non
712 1804 845 1831 immutat.
863 1803 960 1831 Baron.
973 1804 1026 1839 leg.

281 1847 342 1874 Fet.
359 1848 480 1875 Paulin.
497 1847 566 1875 Iun.

318 1894 326 1918 1
345 1891 445 1926 [31)1).,
461 1892 487 1919 in
506 1893 616 1920 Concil.
635 1893 750 1922 Collect.
769 1897 834 1922 tom.
851 1902 878 1930 v,
894 1894 944 1922 col.
962 1895 1026 1930 901,

282 1936 361 1971 1728,
372 1936 441 1964 hanc
457 1937 536 1973 epist.
550 1938 688 1973 postponit
703 1942 759 1965 tum
775 1939 960 1975 praecedenti,
971 1943 1028 1967 tum

279 1978 472 2018 subsequenti,
494 1982 575 2018 ipsiq.
596 1982 728 2010 adhaeret
741 1983 818 2011 Jaffe.
838 1984 943 2011 Maurin
964 1993 1027 2012 vero

281 2025 391 2054 Concil.
402 2025 478 2053 Gall.
490 2030 555 2053 tom.
571 2033 589 2060 1,
603 2027 726 2062 col.965‚
743 2036 775 2055 ex
791 2036 886 2056 earum
901 2032 1027 2056 contextu

279 2069 431 2098 inferentes
452 2075 623 2107 praesentem
639 2080 683 2108 ep.
700 2076 762 2100 ante
777 2073 851 2108 illas,
873 2073 915 2100 vel
930 2073 1027 2101 saltem

279 2115 339 2143 ead.
353 2115 407 2150 die,
417 2115 548 2152 scriptam
560 2116 653 2152 fuisse,
666 2117 735 2145 hanc
746 2117 825 2145 dictis
836 2118 1024 2154 praemittunt.

278 2159 361 2187 Nobis
372 2164 463 2188 autem
474 2161 560 2188 visum
572 2165 614 2189 est
622 2161 775 2190 huiusmodi
787 2171 830 2198 ep.
842 2163 914 2190 inter
924 2167 1025 2191 utram·

278 2212 332 2240 que
352 2205 488 2239 inserere;
505 2206 605 2242 quippe
625 2206 671 2242 qui
690 2206 856 2235 advertimus
876 2208 977 2235 nullam
993 2207 1026 2234 de

278 2257 310 2276 ea
334 2249 392 2277 fieri
413 2250 581 2278 mentionem
609 2251 637 2278 in
663 2260 706 2288 ep.
727 2252 760 2279 ad
783 2252 925 2288 episcopos
943 2253 1024 2287 Gau„

278 2302 348 2330 quae
364 2295 485 2331 proxime
505 2296 657 2330 antecedit,
680 2297 756 2324 innui
772 2306 834 2326 vero
850 2298 877 2324 in
892 2298 977 2326 altera
992 2298 1026 2325 ad

278 2339 381 2366 clerum
403 2340 575 2376 Regiensem,
592 2349 661 2376 quae
685 2349 746 2369 mox
766 2342 953 2378 subsequitur.

312 2384 328 2411 2
345 2394 357 2410 ι
370 2385 404 2411 lI.
422 2392 446 2411 e.
462 2386 661 2413 exem-atius».
687 2385 768 2413 Hard.
795 2388 897 2415 «Forte
917 2387 1023 2423 legend.

276 2429 445 2463 sacrilayus,
462 2429 534 2464 quod
548 2437 653 2456 sacrum
672 2430 859 2458 characterem
880 2431 996 2459 violarit.
1012 2442 1022 2456 a

277 2472 362 2500 Maur.
386 2474 405 2501 1.
422 2483 446 2501 c.
468 2474 501 2502 Et
522 2475 630 2511 quidem
653 2480 743 2509 recte3
764 2476 803 2504 sic
825 2476 897 2505 enim
919 2477 946 2504 in
970 2480 1023 2504 vet.

277 2517 358 2545 codd.
376 2518 443 2546 haec
460 2528 509 2547 vox
524 2520 705 2548 contrahitur.

311 2563 328 2589 3
348 2563 494 2592 Cuiusnam
511 2565 614 2600 peccati
636 2573 698 2593 reus
719 2565 936 2595 Contumeliosus
956 2567 1024 2595 exti-

278 2608 350 2644 terit,
368 2617 420 2637 non
433 2610 498 2637 satis
515 2610 613 2646 liquet;
631 2619 645 2637 e
662 2611 814 2638 canonibus
826 2617 916 2640 autem
927 2612 954 2640 in
965 2613 1023 2641 eius
1040 2639 1041 2643 .

1069 242 1272 277 sacerdotio.
1309 253 1433 277 merere
1465 244 1568 277 valcat
1598 245 1812 278 sacerdotem.

1069 294 1302 329 Communihus
1342 303 1448 330 tamen
1487 298 1642 342 precibus
1681 309 1816 332 exorare

1068 347 1168 381 Deum
1194 356 1341 383 nostrum
1364 351 1530 393 debemus,
1554 358 1589 385 ut
1608 362 1709 396 puros
1730 363 1811 386 cun-

1069 407 1136 434 ctos
1147 409 1291 445 praestet
1305 404 1474 438 antistites.
1491 405 1522 438 Si
1537 406 1591 449 qui
1606 411 1714 439 tamen
1728 406 1813 439 Pon-

1068 454 1209 489 tificatus
1233 457 1442 491 immemores
1469 459 1660 492 criminibus
1688 470 1721 493 se
1747 460 1814 493 for·
1852 458 1957 487 -Ερῑὲωρῑ
1975 460 2015 479 ⁰¹5·

1829 486 1922 506 minibus
1938 487 2015 507 irretiti

1068 509 1160 543 tassis
1196 510 1410 553 involverint,
1447 518 1478 546 et
1508 523 1622 546 eorum
1658 523 1815 558 personas
1829 511 2016 560 stunfffflstgffi‘gg'gj

1068 564 1182 606 v-ulgus
1207 572 1398 608 cognoscat:
1429 567 1554 600 facilius
1575 568 1661 601 enim
1690 578 1707 601 a
1737 567 1816 601 deli·
1829 565 1859 586 ‘¹1-

1068 618 1126 651 ctis
1151 624 1281 659 cavent,
1309 619 1333 652 si
1362 629 1425 652 non
1446 620 1575 654 rideant
1595 621 1691 655 etiam
1710 621 1815 654 homi—

1067 671 1163 705 nibus
1182 678 1308 706 secreta
1327 683 1416 715 esse,
1437 684 1520 718 quae
1548 674 1694 709 fecerint.
1726 675 1814 715 Quae

1067 736 1143 759 vero
1167 726 1207 759 de
1232 726 1281 760 his
1303 737 1444 760 canones
1464 728 1680 772 praecipiunt,
1703 729 1816 762 subter

1067 780 1257 822 adiecimus,
1278 786 1314 814 ut
1327 792 1410 825 quae
1429 782 1575 816 facienda
1593 789 1667 816 sunt
1686 783 1815 827 possitis

1067 844 1256 877 agnoscere.
1272 835 1356 869 Deus
1376 842 1407 870 te
1429 836 1624 870 incolumem
1640 837 1812 879 custodiat,

1067 888 1167 921 frater
1187 888 1366 923 carissime.

1111 943 1180 976 Dat.
1208 953 1284 976 ann.
1306 943 1371 977 534
1383 944 1403 977 ⁵.

1067 1050 1115 1083 Ηί
1140 1051 1234 1083 Ιίίιιῖί
1260 1062 1435 1091 canonum,
1470 1062 1551 1096 quos
1583 1052 1676 1085 nobis
1700 1063 1816 1096 supra-

1111 1105 1254 1148 scriptus
1270 1109 1402 1138 sanctus
1420 1110 1448 1138 cl
1461 1105 1600 1138 domnus
1613 1116 1703 1138 meus
1716 1106 1815 1139 Ioan-

1111 1169 1166 1191 nes
1182 1159 1278 1202 Papa
1295 1159 1387 1192 Sedis
1403 1159 1610 1202 Apostolicae
1630 1170 1700 1193 cum
1719 1170 1815 1202 prac-

1110 1212 1180 1254 fala
1202 1213 1399 1245 auctoritate
1416 1212 1550 1246 direxit.

1110 1320 1153 1352 Ex
1175 1320 1311 1363 epistola
1331 1319 1437 1353 Siricii
1460 1320 1564 1364 Papae
1582 1320 1672 1353 urhis
1692 1321 1815 1354 Romae

1065 1374 1214 1407 Emerio‘3
1227 1374 1381 1418 episcopo
1394 1374 1627 1408 Tarraconensi
1643 1374 1727 1407 inter
1744 1385 1815 1408 cae-

1065 1432 1134 1460 tera
1162 1428 1201 1460 ad
1228 1428 1357 1467 locum,
1389 1428 1531 1472 capitulo
1557 1438 1622 1461 vn:
1650 1442 1660 1459 (ι
1676 1428 1715 1461 Et
1736 1428 1813 1472 quia

1065 1480 1241 1524 aliquanti,
1278 1482 1317 1514 de
1347 1481 1465 1525 quibus
1490 1482 1674 1525 loquimur,
1708 1487 1737 1515 et
1759 1488 1814 1515 tua
1829 1484 2014 1537 Episssffffssgffi

1063 1535 1216 1568 sanctitas
1230 1535 1350 1576 retulit,
1366 1535 1686 1579 ignorationelapsos
1696 1545 1765 1568 esse
1778 1545 1812 1568 se
1827 1537 1908 1563 ‘lwes-
1918 1539 1950 1559 ΠΙ
1968 1538 2015 1558 ¹¹³³·

1827 1569 1894 1584 conus
1913 1565 1939 1585 ob
1955 1565 2015 1590 ignu-

1064 1587 1200 1628 dellent;
1225 1589 1257 1622 id
1275 1594 1332 1629 est,
1349 1594 1385 1622 ut
1402 1589 1442 1622 ad
1459 1599 1577 1622 uxores
1593 1588 1743 1633 proprias
1762 1599 1812 1622 re·
1827 1592 1918 1611 r³ss¹i³¹¹¹
1942 1592 2014 1617 ¹³⁹³*ss

1826 1617 1853 1638 ad
1860 1624 1945 1638 uxorem
1954 1624 2014 1639 suam

1063 1641 1198 1674 dierint:
1222 1641 1272 1674 his
1290 1652 1327 1674 ea
1345 1641 1531 1675 conditione
1552 1641 1809 1675 misericordiam
1827 1645 1926 1667 remma,
1955 1651 2014 1666 ”⁰¹1¹-

1827 1677 1892 1697 quam
1926 1677 2013 1697 promo-

1063 1695 1202 1728 dicimus
1223 1706 1290 1728 non
1310 1696 1505 1738 negandam,
1528 1702 1564 1729 ut
1583 1695 1652 1729 sine
1672 1696 1739 1729 ullo
1753 1696 1811 1730 ho·
1827 1698 1916 1719 ‘'emm-

1063 1811 1145 1830 causa
1168 1800 1309 1838 productis
1329 1803 1355 1830 in
1375 1812 1503 1831 venerem
1524 1804 1668 1840 prolapsus
1690 1803 1808 1832 videtur.

1062 1847 1182 1874 Maurin.
1205 1856 1219 1875 e
1240 1848 1313 1875 Grat.
1335 1857 1396 1876 can.
1418 1849 1462 1883 29,
1484 1849 1595 1876 distinct
1626 1855 1658 1882 L,
1679 1849 1726 1884 qui
1747 1857 1808 1876 can.

1061 1901 1125 1920 mox
1139 1892 1270 1920 subiectis
1285 1893 1406 1929 additur,
1423 1893 1654 1921 Contumeliosum
1675 1893 1810 1921 adulterio

1061 1937 1214 1965 convictum
1225 1938 1425 1965 existimarunt.
1438 1939 1542 1965 Verum
1554 1938 1597 1965 hic
1609 1947 1668 1966 can.
1680 1947 1695 1965 a
1708 1938 1808 1966 Pontis.

1062 1982 1196 2018 allegatus
1211 1991 1265 2010 non
1282 1983 1341 2017 fuit,
1353 1982 1400 2010 sed
1412 1982 1446 2010 ab
1461 1983 1520 2010 aliis
1536 1982 1667 2010 adiectus.
1685 1983 1718 2010 At
1734 1982 1811 2018 quid-

1061 2027 1126 2063 quid
1147 2027 1180 2054 de
1201 2027 1252 2054 hoc
1272 2027 1316 2061 sit,
1334 2027 1400 2054 illud
1416 2027 1496 2063 plane
1517 2031 1632 2063 certum,
1654 2027 1754 2054 nullam
1775 2026 1809 2053 de

1061 2072 1263 2100 Contumelioso
1283 2072 1446 2099 sententiam
1466 2072 1492 2098 in
1513 2072 1584 2099 Gau.
1605 2072 1686 2099 latam
1711 2072 1805 2099 fuisse.

1060 2116 1175 2144 Maiores
1195 2117 1266 2144 enim
1283 2125 1382 2144 causae
1398 2116 1431 2144 ad
1447 2116 1472 2143 S.
1490 2117 1520 2143 A.
1538 2120 1616 2144 erant
1635 2116 1806 2151 referendae,

1061 2167 1099 2193 uti
1115 2170 1191 2202 patet
1206 2175 1220 2194 e
1236 2167 1392 2202 Symmachi
1408 2166 1498 2194 verbis
1519 2166 1551 2194 ad
1567 2166 1694 2194 eumdem
1710 2165 1807 2193 Caesa-

1060 2217 1142 2253 rium,
1158 2218 1299 2253 inquiens:
1316 2218 1349 2246 Si
1365 2218 1421 2245 Dei
1441 2217 1592 2245 adiutorio
1607 2217 1805 2246 controversia

1059 2267 1193 2295 incidens
1208 2267 1510 2302 amputaripotuerie,
1523 2267 1573 2294 hoc
1590 2267 1678 2301 ipsius
1694 2266 1807 2294 meritis

1060 2316 1250 2351 applicemus;
1270 2316 1402 2351 alioquin
1423 2315 1573 2343 eaetstentis
1589 2315 1698 2350 neqolz't'
1716 2323 1805 2342 causa

1060 2366 1097 2393 ad
1111 2366 1142 2393 S.
1158 2367 1206 2399 A,
1219 2370 1244 2393 te
1257 2368 1416 2401 referente,
1430 2366 1593 2400 perueniat.
1612 2364 1673 2392 Vid.
1690 2364 1804 2392 Maurin.

1060 2415 1112 2442 loc.
1132 2415 1176 2442 cit.

1094 2465 1111 2490 4
1127 2464 1218 2491 Potius
1233 2465 1265 2492 in
1285 2464 1504 2493 monasterium.

1093 2515 1109 2540 5
1125 2513 1204 2541 Forte
1229 2513 1323 2541 eadem
1344 2514 1388 2541 die
1404 2514 1420 2541 7
1442 2514 1540 2550 April.‚
1561 2521 1614 2549 qua
1630 2511 1803 2547 antecedens,

1059 2567 1087 2591 ut
1106 2572 1166 2599 sup.
1185 2563 1344 2591 notavimus.

1092 2613 1109 2640 6
1134 2624 1143 2635 κ
1162 2612 1280 2641 HimeriO
1296 2624 1307 2638 υ
1328 2612 1413 2641 Labb.
1430 2612 1461 2640 ad
1480 2621 1562 2647 marg,
