2244 3183
282 230 329 256 Αιι,
349 232 376 257 C.
401 232 451 260 4¹¹5

314 1679 378 1700 Verbi
396 1680 462 1700 incar-

277 1707 335 1726 natio
351 1712 374 1726 ex
394 1707 462 1727 Maria

277 1739 361 1758 semper
378 1733 462 1757 Virgine

278 1760 463 1787 pei-virtutemSp.

277 1787 358 1807 sancii.

519 223 577 257 198

1008 237 1024 259 A
1031 236 1161 260 PPENDIX
1186 236 1337 261 BULLARII
1354 237 1475 262 ROMAM

2021 239 2071 266 An.
2088 238 2118 266 C.
2136 239 2186 268 445

477 281 591 315 Christi
604 292 677 315 cum
688 282 774 315 venit
794 281 813 323 ¹,
839 288 868 316 et
888 283 1134 317 lamentationes
1147 284 1219 317 1110-
1252 284 1431 319 Conditoris
1451 285 1594 327 genitum
1617 286 1810 320 confitemur
1829 287 1990 320 Christum
2016 300 2187 328 lnxtounaper-

478 335 608 368 remiao.
638 335 754 368 Diebus
778 341 885 369 antem
906 336 1045 370 Paschae
1065 337 1218 381 epistolae

478 388 707 431 Apostolorum
722 394 819 433 atque
843 390 1050 434 Apocalypsis
1064 402 1165 434 usque
1179 391 1218 424 ad

477 442 708 474 l‘cntecostem.
737 443 770 475 In
797 448 943 487 tempore
964 449 1069 477 autern
1091 444 1218 477 aestatis

477 494 599 535 ltcgum
625 500 655 527 et
679 495 950 539 Paralipomenon
970 507 1071 540 usque
1092 497 1132 529 ad
1150 507 1217 530 me-

477 547 566 580 ‹lium
581 548 740 589 autumni,
758 549 819 582 hoc
834 555 880 583 est
893 560 931 583 xv
944 550 1006 583 kal.
1019 550 1214 583 novembris:

477 601 593 634 deinde
607 601 711 635 liber²
724 602 916 644 Salomonis,
933 610 963 637 et
976 604 1156 644 Mulierum,
1173 609 1216 637 at-

476 665 538 698 que
555 656 833 699 Machabaeorum,
847 663 877 691 et
891 658 972 691 liber
984 658 1101 692 Tobiae
1118 669 1218 701 usque

478 710 515 741 atl
536 709 597 742 kal.
626 711 821 744 Decembris.
845 713 926 744 Ante
945 717 1053 744 autem
1074 712 1217 745 Natalem

476 764 603 796 Domini
629 765 732 798 Nostri
759 766 828 798 Iesu
855 765 984 806 Christi,
1012 765 1122 806 Isaiae,
1146 765 1217 798 Ilie-

477 817 598 850 remiae
624 824 654 851 et
674 818 783 851 Daniel
804 829 905 862 usque
926 819 965 852 ad
990 818 1216 863 Epiphaniam.

477 871 591 903 Postea
623 871 753 914 quidem
780 872 945 913 Ezechiel,
978 878 1009 905 et
1043 872 1219 916 prophetae

477 924 630 963 minores,
659 930 755 968 atque
781 925 836 958 lob
862 936 964 969 usque
993 925 1064 959 idus
1092 925 1220 958 februa-

476 978 550 1011 rias.
579 979 695 1011 Psalmi
718 979 806 1012 omni
829 986 985 1024 tempore.
1009 980 1217 1022 Evangelium

477 1037 508 1065 et
521 1033 711 1076 Apostolum
732 1033 743 1049 ³
763 1032 922 1067 similiter.
942 1035 1107 1068 Tractatus
1120 1035 1129 1050 ⁴
1144 1045 1218 1067 vcro

477 1086 583 1118 Sancti
592 1086 789 1130 Hieronymi,
803 1087 963 1121 Ambrosii
975 1094 1005 1121 et
1014 1093 1217 1121 caeterorum

477 1139 618 1180 I'atrum,
643 1146 739 1184 prout
758 1141 839 1173 ordo
860 1141 963 1184 poscit
983 1141 1134 1183 leguntur
1150 1141 1170 1174 ⁵.

822 1301 861 1333 ΙΙΙ
880 1301 900 1333 ⁶.

479 1370 649 1404 Theodosio
673 1372 750 1414 fidoi
772 1372 949 1414 formulam
970 1373 1138 1416 proponit,
1156 1384 1219 1418 qua

517 1425 711 1466 praesertim
727 1425 865 1458 Nestorii
885 1429 912 1458 et
925 1426 1077 1469 Eutychis
1096 1437 1220 1460 errores

523 1477 739 1511 dmmzantnr.

512 1558 569 1586 Leo
590 1559 668 1593 Papa
688 1559 725 1586 ad
745 1559 945 1588 Theodosium
965 1560 1186 1595 imperatorem.

523 1620 689 1654 Credimus
713 1621 829 1654 Filium
854 1622 909 1655 Dei
935 1622 974 1656 ab
999 1628 1154 1665 aeterno,
1190 1629 1219 1657 et

477 1673 545 1706 sine
570 1674 719 1707 exteriori
745 1675 917 1720 principio,
944 1677 999 1720 qui
1025 1688 1098 1710 cum
1126 1678 1219 1712 Patre

478 1732 509 1759 et
534 1727 655 1770 Spiritu
681 1728 797 1762 Sancto
823 1735 887 1771 est,
916 1730 947 1763 in
969 1731 1119 1765 extremis
1143 1742 1215 1765 sae-

479 1780 569 1820 culis,
597 1782 777 1824 perseetum
804 1788 933 1816 nostrae
952 1790 1088 1818 naturae
1113 1796 1220 1819 susce-

476 1833 561 1877 pisse
582 1834 747 1868 hominem
769 1847 806 1869 ex
826 1837 922 1870 Maria
935 1848 1063 1882 semper
1075 1838 1215 1881 Virgine,

477 1893 508 1920 et
525 1889 612 1932 quod
633 1889 773 1923 Verbum
799 1901 874 1924 caro
899 1892 1018 1925 sactum
1042 1893 1139 1926 suerit
1162 1893 1220 1927 ho—

478 1941 598 1976 minem
624 1944 850 1988 suscipiendo,
879 1957 985 1990 neque
1020 1947 1217 1980 divinitatem

477 2002 628 2039 mutasse,
652 2008 768 2042 neque,
789 2006 824 2032 ut
840 2000 972 2043 quidam
994 2000 1092 2045 impie
1113 2001 1219 2035 existi-

477 2056 627 2090 marunt,
653 2052 804 2085 Sanctum
830 2053 983 2096 Spiritum
1009 2065 1068 2098 pro
1097 2055 1218 2089 semine

477 2104 591 2146 fuisses,
619 2106 675 2139 sed
700 2117 757 2150 per
782 2106 930 2141 virtutem
965 2114 995 2141 et
1026 2108 1217 2152 sapientiam

513 2239 522 2264 1
546 2238 592 2266 Sic
611 2239 698 2266 Palat.
720 2239 780 2267 cod.

510 2283 527 2309 2
546 2283 609 2318 Leg.
632 2284 712 2312 libri.

510 2327 527 2353 3
546 2327 610 2362 Leg.
628 2328 786 2363 Apostolus.

510 2372 526 2398 lt
544 2371 614 2399 Plur.
633 2372 712 2399 codd.
724 2374 980 2402 Tractatusautem
992 2375 1021 2402 S.
1031 2375 1215 2410 Hieronymi,

477 2417 708 2454 Ambrosr'ihnss
726 2418 859 2446 llerovall.
872 2419 947 2446 addit
958 2423 983 2448 et
1003 2420 1181 2455 Aussustini),
1193 2425 1217 2449 et

475 2465 654 2490 caeterorum
669 2467 834 2492 sanctorum
853 2464 990 2496 Patrum,
1013 2464 1218 2499 expositiones—

476 2515 531 2541 que
556 2508 658 2535 veteris
674 2511 699 2534 et
715 2509 781 2536 novi
797 2508 983 2543 Testamenti,
1006 2516 1077 2543 quae
1091 2517 1110 2535 a
1124 2509 1217 2536 nomi-

475 2552 638 2580 natissimis
653 2553 802 2581 doctorum
817 2554 1045 2582 orthodoxorum
1060 2554 1141 2588 (unus
1154 2554 1215 2582 cod.

1252 349 1347 371 unam
1379 349 1446 372 esse
1480 349 1650 382 personam
1683 339 1772 379 Filii,
1805 341 1884 374 duas
1916 352 1992 374 vero

2007 333 2068 351 sona,
2084 327 2137 348 duae
2151 334 2188 349 au—

2008 356 2048 373 lem
2083 355 2188 380 perfectae

1962 394 1968 399 .
2008 383 2103 401 natiuae,

1253 392 1420 434 perfectas,
1444 392 1647 435 integrasque
1667 393 1858 426 substantias
1872 394 1989 426 divini-

1254 445 1335 484 tatis,
1363 451 1460 488 atque
1485 445 1706 486 humanitatis,
1725 456 1806 489 quac
1821 457 1856 479 ex
1870 447 1989 487 anima,

1253 505 1283 532 ct
1313 509 1449 543 corpore
1478 505 1612 532 constat.
1645 500 1825 533 Anathema
1856 500 1993 534 dicimus

1253 557 1363 584 contra
1388 552 1579 592 l’liotinum,
1609 553 1665 597 qui
1690 553 1849 587 Christum
1875 565 1991 597 purum

1253 606 1440 648 nudumque
1460 605 1625 639 hominem
1646 606 1767 639 asserit:
1796 606 1944 640 similiter
1964 612 1995 641 ct

1253 664 1366 690 contra
1398 658 1631 702 Apollinarium
1646 686 1653 699 ,
1677 658 1827 702 illiusque
1852 659 1990 701 similes,

1253 710 1307 753 qui
1333 710 1443 743 dicunt
1469 711 1584 744 Filium
1609 711 1664 744 Dei
1699 711 1806 744 minus
1838 712 1992 756 quiddam

1253 763 1394 796 humana
1414 769 1528 797 natura
1548 765 1725 809 suscepisse
1745 765 1810 798 sive
1828 765 1860 798 in
1881 776 1989 806 earne,

1252 817 1317 850 sive
1332 817 1363 850 in
1377 817 1495 857 anima,
1519 817 1584 851 sive
1604 817 1635 850 in
1657 824 1773 859 mente,
1793 818 1857 852 sire
1877 819 1910 852 in
1929 819 1991 852 ho-

1254 870 1349 903 minis
1374 871 1605 914 assumptione,
1627 876 1658 904 et
1686 871 1874 905 dissimilem
1899 872 1993 906 nohis

1252 923 1348 957 fuisse
1364 924 1395 957 in
1417 935 1464 966 eo,
1487 925 1573 968 quod
1595 930 1794 969 assumptum
1809 932 1872 959 est:
1896 936 1993 970 quem

1253 977 1417 1011 hominem
1439 978 1507 1011 sine
1525 979 1593 1011 sola
1613 979 1740 1012 macula
1753 979 1876 1023 peccati
1892 980 1993 1023 (quod

1253 1037 1420 1074 peccatum
1435 1032 1601 1076 physicum
1615 1043 1680 1066 non
1693 1033 1751 1076 est)
1773 1033 1916 1066 eiusdem
1931 1034 1993 1066 for-

1254 1096 1323 1119 mae
1345 1097 1418 1119 cum
1438 1092 1549 1119 nostra
1572 1097 1630 1130 per
1650 1087 1759 1120 omnia
1785 1088 1903 1120 sactum
1925 1097 1993 1120 esse

1254 1139 1426 1172 credimus.
1454 1140 1585 1173 Illorum
1607 1151 1737 1184 quoque
1758 1141 1992 1185 blasphemiam

1254 1202 1453 1231 execramur,
1486 1192 1541 1236 qui
1570 1203 1651 1226 nova
1676 1193 1862 1227 inventione
1887 1194 1994 1228 dicere

1253 1252 1431 1287 conantur,
1467 1257 1485 1279 a
1515 1252 1661 1290 tempore
1686 1253 1852 1291 susceptae
1890 1248 1994 1282 carnis

1253 1299 1362 1332 omnia
1375 1299 1500 1333 divinae
1513 1305 1646 1333 naturae
1659 1300 1690 1332 in
1701 1300 1888 1341 humanam,
1898 1307 1994 1345 atque

1253 1353 1363 1386 onmia
1387 1353 1548 1386 humanae
1573 1353 1603 1386 in
1631 1353 1771 1386 divinam
1797 1359 1995 1387 commutata

1254 1407 1361 1446 fuisse,
1377 1407 1464 1450 quod
1477 1408 1565 1439 nulla
1578 1417 1720 1451 unquam
1735 1407 1880 1440 haeresis
1889 1407 1995 1441 dicere

1253 1471 1330 1493 ausa
1350 1466 1406 1493 est.
1430 1461 1490 1493 Per
1507 1460 1692 1494 huiusmodi
1713 1461 1798 1494 enim
1824 1461 1996 1495 consessio-

1253 1524 1338 1555 nem,
1362 1519 1533 1558 utramque
1553 1514 1740 1556 divinitatis,
1764 1520 1861 1558 atque
1881 1515 1994 1548 huma-

1252 1568 1360 1602 nitatis
1384 1574 1535 1602 naturam
1555 1568 1587 1601 in
1608 1568 1695 1601 aliud
1716 1568 1881 1613 quidpiam
1903 1579 1991 1602 com-

1253 1627 1408 1655 mutatam
1445 1632 1513 1655 esse
1548 1627 1734 1663 autumant,
1758 1633 1864 1666 neque
1892 1622 1993 1656 Deum

1252 1676 1452 1719 perfectum,
1480 1687 1586 1720 neque
1615 1676 1794 1720 perfectum
1827 1675 1993 1709 hominem

1252 1730 1429 1763 secundum
1454 1730 1619 1763 veritatem
1646 1730 1761 1763 Filium
1786 1730 1990 1763 confitentur.

1296 1784 1359 1817 Nos
1372 1794 1447 1817 vero
1461 1783 1505 1816 ita
1519 1783 1655 1816 dicimus
1673 1789 1869 1827 assumptam
1883 1794 1901 1816 a
1913 1783 1994 1817 Filio

1252 1836 1306 1869 Dei
1321 1842 1470 1869 naturam
1484 1836 1811 1878 nostram,divinitate
1824 1836 1995 1881 impatibili

1252 1895 1473 1934 permanente:
1497 1901 1609 1934 passus
1634 1896 1681 1923 est
1705 1890 1790 1923 enim
1815 1890 1870 1924 Dei
1895 1890 1995 1924 Filius

1253 1954 1317 1977 non
1342 1944 1513 1988 opinione,
1548 1944 1605 1977 sed
1633 1954 1744 1977 revera
1771 1954 1995 1988 quaecumque

1253 1997 1413 2042 scriptura
1433 2002 1580 2038 testatum
1603 1997 1666 2030 hoc
1686 2003 1733 2030 est
1752 1998 1881 2038 samem,
1898 1996 1994 2039 sitim,

1253 2050 1526 2093 defatigationem,
1550 2050 1708 2091 laborem,
1732 2055 1869 2083 mortem
1895 2054 1925 2082 et
1944 2060 1995 2082 re-

1252 2105 1339 2148 liqua
1359 2104 1555 2138 huiusmodi.
1580 2104 1762 2138 Secundum
1788 2109 1894 2137 autem
1915 2103 1994 2136 illud

1286 2238 1302 2265 5
1321 2237 1397 2264 quta
1416 2245 1459 2273 ep.
1477 2245 1559 2273 super
1579 2237 1624 2264 cit.
1640 2236 1690 2264 hoc
1704 2237 1800 2273 fragm.
1824 2236 1942 2265 refertur
1960 2235 1993 2264 ad

1253 2278 1324 2306 diem
1339 2278 1368 2305 21
1387 2278 1433 2305 iul.
1451 2287 1514 2305 ann.
1535 2278 1595 2304 447.

1285 2323 1302 2350 6
1320 2322 1357 2349 Ex
1370 2322 1445 2350 Caco.
1464 2323 1532 2357 Opp.
1551 2324 1580 2350 S.
1593 2323 1695 2350 Leonis
1714 2326 1782 2358 part.
1800 2329 1830 2357 11,
1848 2331 1908 2358 pag.
1932 2322 1991 2349 107.

1252 2363 1410 2390 lluiusmodi
1430 2363 1574 2398 fragment.
1591 2363 1715 2390 Ballerin.
1734 2368 1862 2399 tanquam
1882 2362 1994 2390 dubium

1251 2404 1378 2431 reiiciunt
1396 2404 1424 2430 in
1444 2403 1560 2439 append.
1582 2403 1727 2431 secundam
1743 2403 1777 2430 ad
1792 2404 1859 2430 cale.
1880 2406 1946 2430 tom.
1962 2409 1990 2435 11,

1251 2444 1319 2479 Opp.
1346 2445 1375 2471 S.
1400 2444 1521 2475 Leonis,
1541 2443 1633 2479 ibique
1652 2443 1680 2470 in
1700 2443 1882 2470 admonitione
1906 2443 1994 2470 eidem

1250 2484 1398 2520 praemissa
1413 2483 1446 2510 ad
1456 2492 1498 2520 ep.
1511 2490 1583 2517 Lux,
1594 2491 1663 2519 quae
1677 2483 1755 2510 nobis
1770 2486 1812 2510 est
1821 2489 1899 2510 xxxix
1915 2482 1994 2508 huius

1251 2524 1303 2551 vol.
1326 2532 1387 2560 pag.
1413 2524 1462 2557 65,
1484 2524 1534 2551 col.
1555 2526 1580 2558 l,
1608 2523 1743 2559 pertinere
1763 2523 1827 2550 satis
1851 2523 1992 2555 evincunt,

1250 2573 1364 2600 quorum
1385 2564 1496 2591 consilio
1519 2568 1547 2591 et
1564 2564 1631 2591 Jaffe
1657 2563 1779 2591 videmus
1802 2562 1941 2590 accedere.
1960 2562 1991 2588 V.

476 2597 543 2624 Vall.
561 2598 734 2632 orthodoaez')
756 2599 890 2626 Patribus
913 2599 1007 2633 factae
1027 2602 1105 2634 sunt,
1130 2603 1216 2635 prout
1250 2605 1376 2632 Ballerin.
1393 2605 1464 2640 apud
1475 2604 1565 2640 Migne
1581 2608 1646 2631 tom.
1664 2610 1716 2639 ων,
1733 2604 1785 2631 col.
1800 2603 1878 2638 1258,
1895 2604 1920 2630 et
1931 2601 1991 2629 Jaff.

476 2643 546 2672 ordo
562 2646 667 2679 poscet,
684 2644 715 2670 in
730 2644 859 2672 Ecclesia
875 2646 1018 2680 zeyantur.

1250 2651 1295 2681 op.
1318 2645 1363 2672 cit.
1385 2653 1445 2681 pag.
1462 2645 1495 2672 39
1515 2644 1565 2672 sub
1581 2645 1627 2671 sm.

2055 565 2156 586 Photinus
2170 568 2191 586 et

2009 592 2134 617 Apollinaris
2150 592 2191 613 da-

2009 621 2112 639 uniantur.

2027 990 2122 1011 Christus
2133 996 2192 1011 ierus
2226 1014 2229 1015 ⁷
2241 1008 2244 1018 ,

2010 1017 2072 1037 humo
2093 1017 2192 1038 immacu·
2218 1024 2223 1025 ⁷
2243 1041 2244 1044 Ἴ

2009 1044 2071 1065 latus.
2220 1044 2225 1049 ¹
2243 1050 2244 1055 ¹

2024 1257 2046 1281 S,
2057 1257 2099 1278 Leo
2109 1259 2194 1278 natura·
2212 1271 2214 1273 »
2242 1256 2244 1278 J

2011 1284 2192 1305 rumcommixtio-
2214 1292 2226 1313 ι’
2243 1301 2244 1308 ,

2011 1316 2057 1331 nem
2074 1313 2192 1332 execratur.
2220 1328 2221 1332 ,
2243 1319 2244 1338 ;

2218 1466 2244 1490 φ,

2211 1487 2244 1530 {4⁴2

2214 1530 2244 1570 &fl

2209 1660 2226 1700 ε’.

2212 1703 2225 1718 εκ
2239 1707 2240 1715 i

2215 1723 2240 1749 1¹¹1

2211 1764 2214 1766 ,
2228 1751 2240 1763 >l

2047 1789 2102 1819 Vera
2117 1787 2192 1809 Christi
2206 1781 2234 1813 ’ξ

2010 1821 2082 1842 passm
2118 1821 2192 1836 secuu-
2207 1831 2218 1838 -.

2010 1842 2058 1863 dum
2074 1842 2192 1863 liumanita-
2208 1843 2225 1873 ’g

2009 1871 2062 1894 tem;
2209 1881 2219 1899 l
2231 1883 2233 1887 v

2219 1902 2224 1912 Ι
