<?xml version="1.0" encoding="UTF-8"?>
<!DOCTYPE html PUBLIC "-//W3C//DTD XHTML 1.0 Transitional//EN"
    "http://www.w3.org/TR/xhtml1/DTD/xhtml1-transitional.dtd">
<html xmlns="http://www.w3.org/1999/xhtml" xml:lang="en" lang="en">
 <head>
  <title>
</title>
<meta http-equiv="Content-Type" content="text/html;charset=utf-8" />
  <meta name='ocr-system' content='tesseract 3.04.00' />
  <meta name='ocr-capabilities' content='ocr_page ocr_carea ocr_par ocr_line ocrx_word'/>
</head>
<body>
  <div class='ocr_page' id='page_1' title='image "./bullarumdiplomat00cath/bullarumdiplomat00cath_0533.png"; bbox 0 0 2244 3183; ppageno 0'>
   <div class='ocr_carea' id='block_1_1' title="bbox 0 0 22 2371">
    <p class='ocr_par' dir='ltr' id='par_1_1' title="bbox 0 0 22 2371">
     <span class='ocr_line' id='line_1_1' title="bbox 0 0 22 2371; baseline 0 0"><span class='ocrx_word' id='word_1_1' title='bbox 0 0 22 2371; x_wconf 95' lang='lat' dir='ltr'> </span> 
     </span>
    </p>
   </div>
   <div class='ocr_carea' id='block_1_2' title="bbox 78 225 242 255">
    <p class='ocr_par' dir='ltr' id='par_1_2' title="bbox 78 225 242 255">
     <span class='ocr_line' id='line_1_2' title="bbox 78 225 242 255; baseline 0 -2"><span class='ocrx_word' id='word_1_2' title='bbox 78 226 168 255; x_wconf 73' lang='lat' dir='ltr'>An.C.</span> <span class='ocrx_word' id='word_1_3' title='bbox 189 225 242 254; x_wconf 86' lang='lat'>535</span> 
     </span>
    </p>
   </div>
   <div class='ocr_carea' id='block_1_3' title="bbox 75 714 260 816">
    <p class='ocr_par' dir='ltr' id='par_1_3' title="bbox 75 714 260 816">
     <span class='ocr_line' id='line_1_3' title="bbox 115 714 260 741; baseline 0.007 -6"><span class='ocrx_word' id='word_1_4' title='bbox 115 714 192 736; x_wconf 78' lang='lat' dir='ltr'>Omnes</span> <span class='ocrx_word' id='word_1_5' title='bbox 211 714 260 741; x_wconf 83' lang='lat' dir='ltr'>Epi-</span> 
     </span>
     <span class='ocr_line' id='line_1_4' title="bbox 75 742 260 768; baseline 0 -6"><span class='ocrx_word' id='word_1_6' title='bbox 75 742 134 768; x_wconf 80' lang='lat' dir='ltr'>scopi</span> <span class='ocrx_word' id='word_1_7' title='bbox 167 743 209 762; x_wconf 79' lang='lat' dir='ltr'>irre</span> <span class='ocrx_word' id='word_1_8' title='bbox 227 748 260 763; x_wconf 84' lang='lat' dir='ltr'>re-</span> 
     </span>
     <span class='ocr_line' id='line_1_5' title="bbox 75 767 259 790; baseline 0 -1"><span class='ocrx_word' id='word_1_9' title='bbox 75 767 189 789; x_wconf 76' lang='lat' dir='ltr'>hensibites</span> <span class='ocrx_word' id='word_1_10' title='bbox 220 769 259 790; x_wconf 79' lang='lat' dir='ltr'>esi-</span> 
     </span>
     <span class='ocr_line' id='line_1_6' title="bbox 75 795 182 816; baseline 0 0"><span class='ocrx_word' id='word_1_11' title='bbox 75 795 182 816; x_wconf 77' lang='lat' dir='ltr'>dei-antur.</span> 
     </span>
    </p>
   </div>
   <div class='ocr_carea' id='block_1_4' title="bbox 73 1555 258 1658">
    <p class='ocr_par' dir='ltr' id='par_1_4' title="bbox 73 1555 258 1658">
     <span class='ocr_line' id='line_1_7' title="bbox 100 1555 258 1582; baseline -0.006 -5"><span class='ocrx_word' id='word_1_12' title='bbox 100 1555 123 1577; x_wconf 90' lang='lat' dir='ltr'>Si</span> <span class='ocrx_word' id='word_1_13' title='bbox 133 1556 179 1582; x_wconf 84' lang='lat' dir='ltr'>quis</span> <span class='ocrx_word' id='word_1_14' title='bbox 187 1557 258 1576; x_wconf 80' lang='lat' dir='ltr'>autem</span> 
     </span>
     <span class='ocr_line' id='line_1_8' title="bbox 73 1582 258 1603; baseline -0.005 0"><span class='ocrx_word' id='word_1_15' title='bbox 73 1587 86 1603; x_wconf 77' lang='lat' dir='ltr'>a</span> <span class='ocrx_word' id='word_1_16' title='bbox 110 1584 169 1603; x_wconf 76' lang='lat' dir='ltr'>recta</span> <span class='ocrx_word' id='word_1_17' title='bbox 193 1582 258 1603; x_wconf 71' lang='lat' dir='ltr'>docti-</span> 
     </span>
     <span class='ocr_line' id='line_1_9' title="bbox 73 1609 258 1633; baseline 0.005 -4"><span class='ocrx_word' id='word_1_18' title='bbox 73 1611 116 1633; x_wconf 68' lang='lat' dir='ltr'>net,</span> <span class='ocrx_word' id='word_1_19' title='bbox 130 1609 210 1630; x_wconf 74' lang='lat' dir='ltr'>caeteri</span> <span class='ocrx_word' id='word_1_20' title='bbox 226 1615 258 1630; x_wconf 81' lang='lat' dir='ltr'>re-</span> 
     </span>
     <span class='ocr_line' id='line_1_10' title="bbox 73 1636 156 1658; baseline 0 -1"><span class='ocrx_word' id='word_1_21' title='bbox 73 1636 156 1658; x_wconf 76' lang='lat' dir='ltr'>sistant.</span> 
     </span>
    </p>
   </div>
   <div class='ocr_carea' id='block_1_5' title="bbox 878 223 1189 248">
    <p class='ocr_par' dir='ltr' id='par_1_5' title="bbox 878 223 1189 248">
     <span class='ocr_line' id='line_1_11' title="bbox 878 223 1189 248; baseline 0.003 -1"><span class='ocrx_word' id='word_1_22' title='bbox 878 223 903 247; x_wconf 85' lang='lat' dir='ltr'>S.</span> <span class='ocrx_word' id='word_1_23' title='bbox 928 223 1091 247; x_wconf 67' lang='lat' dir='ltr'>AGAPEH&#39;S</span> <span class='ocrx_word' id='word_1_24' title='bbox 1111 223 1120 247; x_wconf 85' lang='lat' dir='ltr'>l</span> <span class='ocrx_word' id='word_1_25' title='bbox 1140 224 1189 248; x_wconf 68' lang='lat' dir='ltr'>FP.</span> 
     </span>
    </p>
   </div>
   <div class='ocr_carea' id='block_1_6' title="bbox 1702 216 1997 255">
    <p class='ocr_par' dir='ltr' id='par_1_6' title="bbox 1702 216 1997 255">
     <span class='ocr_line' id='line_1_12' title="bbox 1702 216 1997 255; baseline 0.024 -7"><span class='ocrx_word' id='word_1_26' title='bbox 1702 216 1767 250; x_wconf 66' lang='lat'>517</span> <span class='ocrx_word' id='word_1_27' title='bbox 1830 227 1879 254; x_wconf 79' lang='lat' dir='ltr'>An.</span> <span class='ocrx_word' id='word_1_28' title='bbox 1900 227 1928 254; x_wconf 87' lang='lat' dir='ltr'>C.</span> <span class='ocrx_word' id='word_1_29' title='bbox 1944 225 1997 255; x_wconf 81' lang='lat'>535</span> 
     </span>
    </p>
   </div>
   <div class='ocr_carea' id='block_1_7' title="bbox 324 270 1795 319">
    <p class='ocr_par' dir='ltr' id='par_1_7' title="bbox 324 270 1795 319">
     <span class='ocr_line' id='line_1_13' title="bbox 324 270 1795 319; baseline 0.001 -13"><span class='ocrx_word' id='word_1_30' title='bbox 324 272 436 306; x_wconf 77' lang='lat' dir='ltr'>laudes</span> <span class='ocrx_word' id='word_1_31' title='bbox 465 273 621 316; x_wconf 69' lang='lat' dir='ltr'>atti&#39;nyi&#39;l,</span> <span class='ocrx_word' id='word_1_32' title='bbox 649 270 1039 319; x_wconf 26' lang='lat' dir='ltr'>uon‘versati*stiffi-aym1</span> <span class='ocrx_word' id='word_1_33' title='bbox 1057 271 1096 304; x_wconf 87' lang='lat' dir='ltr'>ad</span> <span class='ocrx_word' id='word_1_34' title='bbox 1115 272 1303 305; x_wconf 89' lang='lat' dir='ltr'>comitatum</span> <span class='ocrx_word' id='word_1_35' title='bbox 1329 273 1526 307; x_wconf 68' lang='lat' dir='ltr'>serenissimi</span> <span class='ocrx_word' id='word_1_36' title='bbox 1549 274 1672 307; x_wconf 80' lang='lat' dir='ltr'>nostri⁵</span> <span class='ocrx_word' id='word_1_37' title='bbox 1693 275 1795 319; x_wconf 90' lang='lat' dir='ltr'>impc-</span> 
     </span>
    </p>
   </div>
   <div class='ocr_carea' id='block_1_8' title="bbox 319 325 1021 521">
    <p class='ocr_par' dir='ltr' id='par_1_8' title="bbox 319 325 1021 521">
     <span class='ocr_line' id='line_1_14' title="bbox 320 325 1021 370; baseline -0.003 -11"><span class='ocrx_word' id='word_1_38' title='bbox 320 326 457 360; x_wconf 80' lang='lat' dir='ltr'>electum</span> <span class='ocrx_word' id='word_1_39' title='bbox 477 326 656 370; x_wconf 70' lang='lat' dir='ltr'>siqnificat,</span> <span class='ocrx_word' id='word_1_40' title='bbox 682 330 710 359; x_wconf 80' lang='lat' dir='ltr'>et</span> <span class='ocrx_word' id='word_1_41' title='bbox 732 325 859 358; x_wconf 69' lang='lat' dir='ltr'>litteras</span> <span class='ocrx_word' id='word_1_42' title='bbox 879 336 898 358; x_wconf 86' lang='lat' dir='ltr'>a</span> <span class='ocrx_word' id='word_1_43' title='bbox 922 325 1021 357; x_wconf 74' lang='lat' dir='ltr'>Petro</span> 
     </span>
     <span class='ocr_line' id='line_1_15' title="bbox 320 378 1017 423; baseline -0.006 -10"><span class='ocrx_word' id='word_1_44' title='bbox 320 385 350 413; x_wconf 83' lang='lat' dir='ltr'>et</span> <span class='ocrx_word' id='word_1_45' title='bbox 366 391 385 412; x_wconf 79' lang='grc' dir='ltr'>(ι</span> <span class='ocrx_word' id='word_1_46' title='bbox 406 381 518 413; x_wconf 72' lang='lat' dir='ltr'>ceteris</span> <span class='ocrx_word' id='word_1_47' title='bbox 537 380 693 423; x_wconf 73' lang='lat' dir='ltr'>episcopis</span> <span class='ocrx_word' id='word_1_48' title='bbox 710 378 883 423; x_wconf 72' lang='lat' dir='ltr'>postulans</span> <span class='ocrx_word' id='word_1_49' title='bbox 904 378 1017 418; x_wconf 73' lang='lat' dir='ltr'>instat,</span> 
     </span>
     <span class='ocr_line' id='line_1_16' title="bbox 319 431 1017 478; baseline -0.004 -11"><span class='ocrx_word' id='word_1_50' title='bbox 319 439 355 467; x_wconf 79' lang='lat' dir='ltr'>ut</span> <span class='ocrx_word' id='word_1_51' title='bbox 384 435 418 467; x_wconf 72' lang='lat' dir='ltr'>in</span> <span class='ocrx_word' id='word_1_52' title='bbox 448 438 615 478; x_wconf 73' lang='lat' dir='ltr'>posterum</span> <span class='ocrx_word' id='word_1_53' title='bbox 645 443 806 467; x_wconf 68' lang='lat' dir='ltr'>canonum</span> <span class='ocrx_word' id='word_1_54' title='bbox 840 431 1017 465; x_wconf 71' lang='lat' dir='ltr'>custodiam</span> 
     </span>
     <span class='ocr_line' id='line_1_17' title="bbox 319 487 743 521; baseline 0 -1"><span class='ocrx_word' id='word_1_55' title='bbox 319 488 431 520; x_wconf 68' lang='lat' dir='ltr'>sedulo</span> <span class='ocrx_word' id='word_1_56' title='bbox 454 487 606 521; x_wconf 75' lang='lat' dir='ltr'>tuendam</span> <span class='ocrx_word' id='word_1_57' title='bbox 633 487 743 521; x_wconf 68' lang='lat' dir='ltr'>velint.</span> 
     </span>
    </p>
   </div>
   <div class='ocr_carea' id='block_1_9' title="bbox 389 604 911 640">
    <p class='ocr_par' dir='ltr' id='par_1_9' title="bbox 389 604 911 640">
     <span class='ocr_line' id='line_1_18' title="bbox 389 604 911 640; baseline -0.004 -7"><span class='ocrx_word' id='word_1_58' title='bbox 389 604 504 633; x_wconf 83' lang='lat' dir='ltr'>Dilecto</span> <span class='ocrx_word' id='word_1_59' title='bbox 526 604 624 632; x_wconf 77' lang='lat' dir='ltr'>Fratri</span> <span class='ocrx_word' id='word_1_60' title='bbox 645 605 731 633; x_wconf 83' lang='lat' dir='ltr'>Petro</span> <span class='ocrx_word' id='word_1_61' title='bbox 751 606 911 640; x_wconf 62' lang='lat' dir='ltr'>agapetus.</span> 
     </span>
    </p>
   </div>
   <div class='ocr_carea' id='block_1_10' title="bbox 274 702 1017 801">
    <p class='ocr_par' dir='ltr' id='par_1_10' title="bbox 274 702 1017 801">
     <span class='ocr_line' id='line_1_19' title="bbox 319 702 1016 747; baseline 0.003 -12"><span class='ocrx_word' id='word_1_62' title='bbox 319 702 538 737; x_wconf 72' lang='lat' dir='ltr'>Voluissemus</span> <span class='ocrx_word' id='word_1_63' title='bbox 563 703 712 747; x_wconf 87' lang='lat' dir='ltr'>quidem,</span> <span class='ocrx_word' id='word_1_64' title='bbox 740 704 854 737; x_wconf 76' lang='lat' dir='ltr'>fratres.</span> <span class='ocrx_word' id='word_1_65' title='bbox 879 703 1016 744; x_wconf 88' lang='lat' dir='ltr'>dilecti¹,</span> 
     </span>
     <span class='ocr_line' id='line_1_20' title="bbox 274 757 1017 801; baseline 0.001 -11"><span class='ocrx_word' id='word_1_66' title='bbox 274 762 408 801; x_wconf 85' lang='lat' dir='ltr'>propter</span> <span class='ocrx_word' id='word_1_67' title='bbox 421 757 683 791; x_wconf 82' lang='lat' dir='ltr'>coniunctionem</span> <span class='ocrx_word' id='word_1_68' title='bbox 698 764 827 791; x_wconf 81' lang='lat' dir='ltr'>nostrae</span> <span class='ocrx_word' id='word_1_69' title='bbox 841 758 1017 799; x_wconf 87' lang='lat' dir='ltr'>charitatis,</span> 
     </span>
    </p>
   </div>
   <div class='ocr_carea' id='block_1_11' title="bbox 275 810 1037 856">
    <p class='ocr_par' dir='ltr' id='par_1_11' title="bbox 275 810 1037 856">
     <span class='ocr_line' id='line_1_21' title="bbox 275 810 1037 856; baseline 0.001 -12"><span class='ocrx_word' id='word_1_70' title='bbox 275 820 388 844; x_wconf 89' lang='lat' dir='ltr'>omnes</span> <span class='ocrx_word' id='word_1_71' title='bbox 412 810 541 844; x_wconf 87' lang='lat' dir='ltr'>Domini</span> <span class='ocrx_word' id='word_1_72' title='bbox 566 811 761 852; x_wconf 72' lang='lat' dir='ltr'><strong>sacerdotes,</strong></span> <span class='ocrx_word' id='word_1_73' title='bbox 779 812 865 845; x_wconf 78' lang='lat' dir='ltr'>iuxta</span> <span class='ocrx_word' id='word_1_74' title='bbox 890 817 1037 856; x_wconf 36' lang='lat' dir='ltr'>aposto„</span> 
     </span>
    </p>
   </div>
   <div class='ocr_carea' id='block_1_12' title="bbox 273 864 1021 1016">
    <p class='ocr_par' dir='ltr' id='par_1_12' title="bbox 273 864 1021 1016">
     <span class='ocr_line' id='line_1_22' title="bbox 274 864 1017 909; baseline 0.001 -12"><span class='ocrx_word' id='word_1_75' title='bbox 274 864 369 898; x_wconf 91' lang='lat' dir='ltr'>licam</span> <span class='ocrx_word' id='word_1_76' title='bbox 392 864 612 905; x_wconf 71' lang='lat' dir='ltr'>traditionem,</span> <span class='ocrx_word' id='word_1_77' title='bbox 637 865 940 909; x_wconf 68' lang='lat' dir='ltr'>irreprehensibiles</span> <span class='ocrx_word' id='word_1_78' title='bbox 966 865 1017 898; x_wconf 92' lang='lat' dir='ltr'>in-</span> 
     </span>
     <span class='ocr_line' id='line_1_23' title="bbox 274 918 1021 963; baseline 0.001 -12"><span class='ocrx_word' id='word_1_79' title='bbox 274 918 398 952; x_wconf 79' lang='lat' dir='ltr'>venisse</span> <span class='ocrx_word' id='word_1_80' title='bbox 408 919 429 960; x_wconf 82' lang='lat'>²,</span> <span class='ocrx_word' id='word_1_81' title='bbox 450 924 481 952; x_wconf 88' lang='lat' dir='ltr'>et</span> <span class='ocrx_word' id='word_1_82' title='bbox 493 918 658 952; x_wconf 84' lang='lat' dir='ltr'>neminem</span> <span class='ocrx_word' id='word_1_83' title='bbox 671 924 792 963; x_wconf 82' lang='lat' dir='ltr'>autpcr</span> <span class='ocrx_word' id='word_1_84' title='bbox 801 919 950 961; x_wconf 81' lang='lat' dir='ltr'>gratiam,</span> <span class='ocrx_word' id='word_1_85' title='bbox 965 924 1021 953; x_wconf 83' lang='lat' dir='ltr'>aut</span> 
     </span>
     <span class='ocr_line' id='line_1_24' title="bbox 273 972 1021 1016; baseline 0 -10"><span class='ocrx_word' id='word_1_86' title='bbox 273 982 332 1016; x_wconf 85' lang='lat' dir='ltr'>per</span> <span class='ocrx_word' id='word_1_87' title='bbox 362 977 484 1006; x_wconf 89' lang='lat' dir='ltr'>metum</span> <span class='ocrx_word' id='word_1_88' title='bbox 511 972 550 1005; x_wconf 86' lang='lat' dir='ltr'>ab</span> <span class='ocrx_word' id='word_1_89' title='bbox 583 972 809 1006; x_wconf 87' lang='lat' dir='ltr'>ecclesiasticis</span> <span class='ocrx_word' id='word_1_90' title='bbox 841 973 1021 1006; x_wconf 84' lang='lat' dir='ltr'>canonibus</span> 
     </span>
    </p>
   </div>
   <div class='ocr_carea' id='block_1_13' title="bbox 274 1025 1037 1070">
    <p class='ocr_par' dir='ltr' id='par_1_13' title="bbox 274 1025 1037 1070">
     <span class='ocr_line' id='line_1_25' title="bbox 274 1025 1037 1070; baseline 0.003 -12"><span class='ocrx_word' id='word_1_91' title='bbox 274 1025 450 1059; x_wconf 84' lang='lat' dir='ltr'>declinare.</span> <span class='ocrx_word' id='word_1_92' title='bbox 468 1025 530 1059; x_wconf 85' lang='lat' dir='ltr'>Sed</span> <span class='ocrx_word' id='word_1_93' title='bbox 556 1026 710 1070; x_wconf 87' lang='lat' dir='ltr'>quoniam</span> <span class='ocrx_word' id='word_1_94' title='bbox 732 1027 833 1060; x_wconf 88' lang='lat' dir='ltr'>multa</span> <span class='ocrx_word' id='word_1_95' title='bbox 854 1026 1037 1060; x_wconf 56' lang='lat' dir='ltr'>multoties&gt;</span> 
     </span>
    </p>
   </div>
   <div class='ocr_carea' id='block_1_14' title="bbox 272 1080 1021 1659">
    <p class='ocr_par' dir='ltr' id='par_1_14' title="bbox 272 1080 1021 1659">
     <span class='ocr_line' id='line_1_26' title="bbox 273 1080 1020 1125; baseline 0.001 -12"><span class='ocrx_word' id='word_1_96' title='bbox 273 1080 529 1124; x_wconf 82' lang='lat' dir='ltr'>subsequuntur,</span> <span class='ocrx_word' id='word_1_97' title='bbox 546 1090 629 1124; x_wconf 87' lang='lat' dir='ltr'>quae</span> <span class='ocrx_word' id='word_1_98' title='bbox 644 1080 889 1124; x_wconf 86' lang='lat' dir='ltr'>poenitudinem</span> <span class='ocrx_word' id='word_1_99' title='bbox 904 1091 1020 1125; x_wconf 85' lang='lat' dir='ltr'>parere</span> 
     </span>
     <span class='ocr_line' id='line_1_27' title="bbox 273 1133 1021 1179; baseline 0.003 -13"><span class='ocrx_word' id='word_1_100' title='bbox 273 1139 420 1177; x_wconf 89' lang='lat' dir='ltr'>possunt,</span> <span class='ocrx_word' id='word_1_101' title='bbox 438 1133 536 1167; x_wconf 83' lang='lat' dir='ltr'>etDei</span> <span class='ocrx_word' id='word_1_102' title='bbox 559 1134 784 1167; x_wconf 83' lang='lat' dir='ltr'>misericordia</span> <span class='ocrx_word' id='word_1_103' title='bbox 809 1134 926 1168; x_wconf 87' lang='lat' dir='ltr'>delicta</span> <span class='ocrx_word' id='word_1_104' title='bbox 946 1146 1021 1179; x_wconf 90' lang='lat' dir='ltr'>pcc-</span> 
     </span>
     <span class='ocr_line' id='line_1_28' title="bbox 274 1187 1016 1232; baseline 0.001 -12"><span class='ocrx_word' id='word_1_105' title='bbox 274 1193 421 1220; x_wconf 86' lang='lat' dir='ltr'>catorum</span> <span class='ocrx_word' id='word_1_106' title='bbox 437 1187 545 1229; x_wconf 85' lang='lat' dir='ltr'>vincit,</span> <span class='ocrx_word' id='word_1_107' title='bbox 558 1193 589 1221; x_wconf 84' lang='lat' dir='ltr'>et</span> <span class='ocrx_word' id='word_1_108' title='bbox 600 1187 721 1221; x_wconf 89' lang='lat' dir='ltr'>idcirco</span> <span class='ocrx_word' id='word_1_109' title='bbox 735 1188 885 1221; x_wconf 82' lang='lat' dir='ltr'>differtur</span> <span class='ocrx_word' id='word_1_110' title='bbox 900 1198 1016 1232; x_wconf 86' lang='lat' dir='ltr'>poena,</span> 
     </span>
     <span class='ocr_line' id='line_1_29' title="bbox 273 1241 1016 1286; baseline 0.003 -13"><span class='ocrx_word' id='word_1_111' title='bbox 273 1246 308 1273; x_wconf 89' lang='lat' dir='ltr'>ut</span> <span class='ocrx_word' id='word_1_112' title='bbox 339 1241 552 1275; x_wconf 75' lang='lat' dir='ltr'>reformati0³</span> <span class='ocrx_word' id='word_1_113' title='bbox 576 1241 685 1275; x_wconf 86' lang='lat' dir='ltr'>locum</span> <span class='ocrx_word' id='word_1_114' title='bbox 721 1242 866 1275; x_wconf 80' lang='lat' dir='ltr'>invenire</span> <span class='ocrx_word' id='word_1_115' title='bbox 897 1242 1016 1286; x_wconf 67' lang='lat' dir='ltr'>possitg</span> 
     </span>
     <span class='ocr_line' id='line_1_30' title="bbox 274 1295 1020 1337; baseline 0.003 -10"><span class='ocrx_word' id='word_1_116' title='bbox 274 1304 408 1328; x_wconf 88' lang='lat' dir='ltr'>monere</span> <span class='ocrx_word' id='word_1_117' title='bbox 428 1295 648 1329; x_wconf 86' lang='lat' dir='ltr'>necessarium</span> <span class='ocrx_word' id='word_1_118' title='bbox 671 1295 895 1337; x_wconf 82' lang='lat' dir='ltr'>iudicavimus,</span> <span class='ocrx_word' id='word_1_119' title='bbox 913 1295 964 1329; x_wconf 76' lang='lat' dir='ltr'>et⁴</span> <span class='ocrx_word' id='word_1_120' title='bbox 985 1302 1020 1329; x_wconf 89' lang='lat' dir='ltr'>ut</span> 
     </span>
     <span class='ocr_line' id='line_1_31' title="bbox 272 1349 1019 1393; baseline 0.001 -12"><span class='ocrx_word' id='word_1_121' title='bbox 272 1354 438 1393; x_wconf 83' lang='lat' dir='ltr'>assumpta</span> <span class='ocrx_word' id='word_1_122' title='bbox 466 1349 505 1382; x_wconf 88' lang='lat' dir='ltr'>de</span> <span class='ocrx_word' id='word_1_123' title='bbox 537 1355 644 1382; x_wconf 85' lang='lat' dir='ltr'>cetero</span> <span class='ocrx_word' id='word_1_124' title='bbox 670 1349 937 1393; x_wconf 72' lang='lat' dir='ltr'>impraevaricata</span> <span class='ocrx_word' id='word_1_125' title='bbox 963 1360 1019 1382; x_wconf 88' lang='lat' dir='ltr'>cu-</span> 
     </span>
     <span class='ocr_line' id='line_1_32' title="bbox 272 1402 1018 1447; baseline 0 -12"><span class='ocrx_word' id='word_1_126' title='bbox 272 1402 466 1436; x_wconf 87' lang='lat' dir='ltr'>stodiantur.</span> <span class='ocrx_word' id='word_1_127' title='bbox 483 1402 659 1447; x_wconf 76' lang='lat' dir='ltr'>Oportebat</span> <span class='ocrx_word' id='word_1_128' title='bbox 677 1403 762 1436; x_wconf 91' lang='lat' dir='ltr'>enim</span> <span class='ocrx_word' id='word_1_129' title='bbox 781 1408 920 1436; x_wconf 81' lang='lat' dir='ltr'>vestram</span> <span class='ocrx_word' id='word_1_130' title='bbox 942 1403 1018 1436; x_wconf 86' lang='lat' dir='ltr'>cha-</span> 
     </span>
     <span class='ocr_line' id='line_1_33' title="bbox 272 1455 1018 1500; baseline 0.001 -12"><span class='ocrx_word' id='word_1_131' title='bbox 272 1455 419 1496; x_wconf 88' lang='lat' dir='ltr'>ritatem,</span> <span class='ocrx_word' id='word_1_132' title='bbox 460 1466 639 1489; x_wconf 85' lang='lat' dir='ltr'>memorem</span> <span class='ocrx_word' id='word_1_133' title='bbox 672 1462 881 1500; x_wconf 86' lang='lat' dir='ltr'>paternarum</span> <span class='ocrx_word' id='word_1_134' title='bbox 918 1457 1018 1490; x_wconf 90' lang='lat' dir='ltr'>tradi-</span> 
     </span>
     <span class='ocr_line' id='line_1_34' title="bbox 274 1507 1019 1553; baseline 0.003 -13"><span class='ocrx_word' id='word_1_135' title='bbox 274 1507 421 1548; x_wconf 83' lang='lat' dir='ltr'>tionum,</span> <span class='ocrx_word' id='word_1_136' title='bbox 450 1509 614 1542; x_wconf 89' lang='lat' dir='ltr'>neminem</span> <span class='ocrx_word' id='word_1_137' title='bbox 640 1509 829 1553; x_wconf 83' lang='lat' dir='ltr'>permittere</span> <span class='ocrx_word' id='word_1_138' title='bbox 854 1509 1019 1553; x_wconf 84' lang='lat' dir='ltr'>prohibita</span> 
     </span>
     <span class='ocr_line' id='line_1_35' title="bbox 273 1560 1019 1606; baseline 0.004 -13"><span class='ocrx_word' id='word_1_139' title='bbox 273 1560 396 1594; x_wconf 83' lang='lat' dir='ltr'>facere:</span> <span class='ocrx_word' id='word_1_140' title='bbox 424 1562 479 1595; x_wconf 87' lang='lat' dir='ltr'>sed</span> <span class='ocrx_word' id='word_1_141' title='bbox 501 1561 527 1595; x_wconf 89' lang='lat' dir='ltr'>si</span> <span class='ocrx_word' id='word_1_142' title='bbox 546 1562 617 1606; x_wconf 90' lang='lat' dir='ltr'>quis</span> <span class='ocrx_word' id='word_1_143' title='bbox 631 1562 734 1596; x_wconf 79' lang='lat' dir='ltr'>audax</span> <span class='ocrx_word' id='word_1_144' title='bbox 753 1568 935 1606; x_wconf 81' lang='lat' dir='ltr'>appareret,</span> <span class='ocrx_word' id='word_1_145' title='bbox 953 1568 1019 1596; x_wconf 82' lang='lat' dir='ltr'>tota</span> 
     </span>
     <span class='ocr_line' id='line_1_36' title="bbox 272 1613 1019 1659; baseline 0.005 -14"><span class='ocrx_word' id='word_1_146' title='bbox 272 1613 390 1648; x_wconf 72' lang='lat' dir='ltr'>virtute</span> <span class='ocrx_word' id='word_1_147' title='bbox 412 1614 573 1648; x_wconf 85' lang='lat' dir='ltr'>resistcre.</span> <span class='ocrx_word' id='word_1_148' title='bbox 596 1614 673 1649; x_wconf 89' lang='lat' dir='ltr'>Cum</span> <span class='ocrx_word' id='word_1_149' title='bbox 689 1615 797 1659; x_wconf 84' lang='lat' dir='ltr'>itaque</span> <span class='ocrx_word' id='word_1_150' title='bbox 811 1615 1019 1659; x_wconf 78' lang='lat' dir='ltr'>pervenimus</span> 
     </span>
    </p>
   </div>
   <div class='ocr_carea' id='block_1_15' title="bbox 271 1746 1017 2098">
    <p class='ocr_par' dir='ltr' id='par_1_15' title="bbox 310 1746 1016 1786">
     <span class='ocr_line' id='line_1_37' title="bbox 310 1746 1016 1786; baseline 0.004 -12"><span class='ocrx_word' id='word_1_151' title='bbox 310 1748 322 1774; x_wconf 93' lang='lat'>1</span> <span class='ocrx_word' id='word_1_152' title='bbox 344 1746 443 1775; x_wconf 85' lang='lat' dir='ltr'>Omnes</span> <span class='ocrx_word' id='word_1_153' title='bbox 459 1747 542 1783; x_wconf 89' lang='lat' dir='ltr'>episc.</span> <span class='ocrx_word' id='word_1_154' title='bbox 555 1748 701 1776; x_wconf 85' lang='lat' dir='ltr'>orientales</span> <span class='ocrx_word' id='word_1_155' title='bbox 712 1749 858 1785; x_wconf 82' lang='lat' dir='ltr'>alloquitur</span> <span class='ocrx_word' id='word_1_156' title='bbox 871 1749 1016 1786; x_wconf 82' lang='lat' dir='ltr'>Agapetus.</span> 
     </span>
    </p>

    <p class='ocr_par' dir='ltr' id='par_1_16' title="bbox 308 1791 674 1825">
     <span class='ocr_line' id='line_1_38' title="bbox 308 1791 674 1825; baseline 0.003 -6"><span class='ocrx_word' id='word_1_157' title='bbox 308 1791 324 1819; x_wconf 75' lang='lat'>2</span> <span class='ocrx_word' id='word_1_158' title='bbox 338 1792 414 1820; x_wconf 83' lang='lat' dir='ltr'>quta</span> <span class='ocrx_word' id='word_1_159' title='bbox 429 1793 438 1820; x_wconf 88' lang='lat' dir='ltr'>l</span> <span class='ocrx_word' id='word_1_160' title='bbox 455 1793 573 1821; x_wconf 89' lang='lat' dir='ltr'>Timoth.</span> <span class='ocrx_word' id='word_1_161' title='bbox 590 1802 631 1825; x_wconf 84' lang='grc' dir='ltr'>ιιι,</span> <span class='ocrx_word' id='word_1_162' title='bbox 647 1794 674 1821; x_wconf 83' lang='lat'>2.</span> 
     </span>
    </p>

    <p class='ocr_par' dir='ltr' id='par_1_17' title="bbox 271 1836 1017 1916">
     <span class='ocr_line' id='line_1_39' title="bbox 307 1836 1017 1874; baseline 0.006 -11"><span class='ocrx_word' id='word_1_163' title='bbox 307 1836 323 1863; x_wconf 93' lang='lat'><strong>3</strong></span> <span class='ocrx_word' id='word_1_164' title='bbox 340 1836 425 1864; x_wconf 87' lang='lat' dir='ltr'>Labb.</span> <span class='ocrx_word' id='word_1_165' title='bbox 442 1837 476 1865; x_wconf 85' lang='lat' dir='ltr'>ad</span> <span class='ocrx_word' id='word_1_166' title='bbox 491 1846 575 1874; x_wconf 86' lang='lat' dir='ltr'>marg.</span> <span class='ocrx_word' id='word_1_167' title='bbox 588 1839 766 1872; x_wconf 67' lang='lat' dir='ltr'>emendatim</span> <span class='ocrx_word' id='word_1_168' title='bbox 784 1840 802 1866; x_wconf 86' lang='lat' dir='ltr'>f.</span> <span class='ocrx_word' id='word_1_169' title='bbox 815 1840 974 1867; x_wconf 80' lang='lat' dir='ltr'>concinnius</span> <span class='ocrx_word' id='word_1_170' title='bbox 985 1840 1017 1868; x_wconf 84' lang='lat' dir='ltr'>ad</span> 
     </span>
     <span class='ocr_line' id='line_1_40' title="bbox 271 1883 512 1916; baseline -0.004 -9"><span class='ocrx_word' id='word_1_171' title='bbox 271 1889 364 1916; x_wconf 85' lang='lat' dir='ltr'>graec.</span> <span class='ocrx_word' id='word_1_172' title='bbox 381 1883 512 1916; x_wconf 72' lang='grc' dir='ltr'>διόρθωσις,</span> 
     </span>
    </p>

    <p class='ocr_par' dir='ltr' id='par_1_18' title="bbox 308 1927 723 1965">
     <span class='ocr_line' id='line_1_41' title="bbox 308 1927 723 1965; baseline 0.007 -12"><span class='ocrx_word' id='word_1_173' title='bbox 308 1927 324 1953; x_wconf 78' lang='grc'>4</span> <span class='ocrx_word' id='word_1_174' title='bbox 339 1927 420 1954; x_wconf 85' lang='lat' dir='ltr'>Recte</span> <span class='ocrx_word' id='word_1_175' title='bbox 436 1928 536 1955; x_wconf 84' lang='lat' dir='ltr'>Baron.</span> <span class='ocrx_word' id='word_1_176' title='bbox 552 1936 669 1965; x_wconf 81' lang='lat' dir='ltr'>expung.</span> <span class='ocrx_word' id='word_1_177' title='bbox 686 1933 723 1956; x_wconf 75' lang='lat' dir='ltr'>et.</span> 
     </span>
    </p>

    <p class='ocr_par' dir='ltr' id='par_1_19' title="bbox 272 1971 1016 2055">
     <span class='ocr_line' id='line_1_42' title="bbox 308 1971 1016 2011; baseline 0.006 -12"><span class='ocrx_word' id='word_1_178' title='bbox 308 1971 324 1998; x_wconf 85' lang='lat'>5</span> <span class='ocrx_word' id='word_1_179' title='bbox 335 1972 437 2000; x_wconf 87' lang='lat' dir='ltr'>Baron.</span> <span class='ocrx_word' id='word_1_180' title='bbox 446 1976 472 2000; x_wconf 81' lang='lat' dir='ltr'>et</span> <span class='ocrx_word' id='word_1_181' title='bbox 481 1973 567 2001; x_wconf 81' lang='lat' dir='ltr'>Caras.</span> <span class='ocrx_word' id='word_1_182' title='bbox 579 1982 711 2010; x_wconf 81' lang='lat' dir='ltr'>expungg.</span> <span class='ocrx_word' id='word_1_183' title='bbox 720 1975 813 2003; x_wconf 76' lang='lat' dir='ltr'>nostri</span> <span class='ocrx_word' id='word_1_184' title='bbox 822 1979 915 2002; x_wconf 86' lang='lat' dir='ltr'>contra</span> <span class='ocrx_word' id='word_1_185' title='bbox 924 1983 1016 2011; x_wconf 80' lang='lat' dir='ltr'>graec.</span> 
     </span>
     <span class='ocr_line' id='line_1_43' title="bbox 272 2016 980 2055; baseline 0.004 -12"><span class='ocrx_word' id='word_1_186' title='bbox 272 2016 347 2052; x_wconf 61' lang='lat' dir='ltr'>lect„</span> <span class='ocrx_word' id='word_1_187' title='bbox 369 2026 438 2053; x_wconf 78' lang='lat' dir='ltr'>quae</span> <span class='ocrx_word' id='word_1_188' title='bbox 458 2017 522 2045; x_wconf 86' lang='lat' dir='ltr'>hab.</span> <span class='ocrx_word' id='word_1_189' title='bbox 542 2022 583 2044; x_wconf 80' lang='grc' dir='ltr'>τοῦ</span> <span class='ocrx_word' id='word_1_190' title='bbox 602 2022 759 2051; x_wconf 68' lang='grc' dir='ltr'><strong>γαληνοταὶτου</strong></span> <span class='ocrx_word' id='word_1_191' title='bbox 779 2023 844 2052; x_wconf 78' lang='grc' dir='ltr'>ἡμῶν</span> <span class='ocrx_word' id='word_1_192' title='bbox 863 2023 980 2055; x_wconf 66' lang='grc' dir='ltr'>βασιλέος,</span> 
     </span>
    </p>

    <p class='ocr_par' dir='ltr' id='par_1_20' title="bbox 307 2061 726 2098">
     <span class='ocr_line' id='line_1_44' title="bbox 307 2061 726 2098; baseline 0.01 -10"><span class='ocrx_word' id='word_1_193' title='bbox 307 2061 324 2088; x_wconf 89' lang='grc'><strong>6</strong></span> <span class='ocrx_word' id='word_1_194' title='bbox 343 2073 355 2087; x_wconf 81' lang='grc' dir='ltr'><em>α</em></span> <span class='ocrx_word' id='word_1_195' title='bbox 369 2062 659 2098; x_wconf 79' lang='lat' dir='ltr'>Trapezundarum».</span> <span class='ocrx_word' id='word_1_196' title='bbox 676 2064 726 2092; x_wconf 91' lang='lat' dir='ltr'>Iid.</span> 
     </span>
    </p>
   </div>
   <div class='ocr_carea' id='block_1_16' title="bbox 268 2106 1017 2147">
    <p class='ocr_par' dir='ltr' id='par_1_21' title="bbox 268 2106 1017 2147">
     <span class='ocr_line' id='line_1_45' title="bbox 268 2106 1017 2147; baseline 0.007 -14"><span class='ocrx_word' id='word_1_197' title='bbox 268 2137 270 2139; x_wconf 74' lang='lat'><em>.</em></span> <span class='ocrx_word' id='word_1_198' title='bbox 310 2107 324 2134; x_wconf 91' lang='lat'>7</span> <span class='ocrx_word' id='word_1_199' title='bbox 345 2106 393 2134; x_wconf 90' lang='lat' dir='ltr'>lid.</span> <span class='ocrx_word' id='word_1_200' title='bbox 415 2108 525 2142; x_wconf 72' lang='lat' dir='ltr'>redire3</span> <span class='ocrx_word' id='word_1_201' title='bbox 544 2108 618 2136; x_wconf 84' lang='lat' dir='ltr'>iuxta</span> <span class='ocrx_word' id='word_1_202' title='bbox 643 2118 734 2145; x_wconf 84' lang='lat' dir='ltr'>graec.</span> <span class='ocrx_word' id='word_1_203' title='bbox 762 2110 826 2139; x_wconf 86' lang='lat' dir='ltr'>lect.</span> <span class='ocrx_word' id='word_1_204' title='bbox 853 2119 922 2147; x_wconf 86' lang='lat' dir='ltr'>quae</span> <span class='ocrx_word' id='word_1_205' title='bbox 945 2111 1017 2147; x_wconf 86' lang='lat' dir='ltr'>apud</span> 
     </span>
    </p>
   </div>
   <div class='ocr_carea' id='block_1_17' title="bbox 272 2150 1018 2639">
    <p class='ocr_par' dir='ltr' id='par_1_22' title="bbox 273 2150 1016 2190">
     <span class='ocr_line' id='line_1_46' title="bbox 273 2150 1016 2190; baseline 0.008 -13"><span class='ocrx_word' id='word_1_206' title='bbox 273 2150 358 2178; x_wconf 85' lang='lat' dir='ltr'>Mansi</span> <span class='ocrx_word' id='word_1_207' title='bbox 372 2154 400 2179; x_wconf 90' lang='lat' dir='ltr'>et</span> <span class='ocrx_word' id='word_1_208' title='bbox 414 2152 497 2180; x_wconf 84' lang='lat' dir='ltr'>Labb.</span> <span class='ocrx_word' id='word_1_209' title='bbox 511 2156 537 2180; x_wconf 86' lang='lat' dir='ltr'>et</span> <span class='ocrx_word' id='word_1_210' title='bbox 553 2154 578 2180; x_wconf 89' lang='lat' dir='ltr'>in</span> <span class='ocrx_word' id='word_1_211' title='bbox 595 2153 661 2190; x_wconf 84' lang='lat' dir='ltr'>Reg.</span> <span class='ocrx_word' id='word_1_212' title='bbox 674 2154 759 2182; x_wconf 84' lang='lat' dir='ltr'>Paris.</span> <span class='ocrx_word' id='word_1_213' title='bbox 776 2157 909 2181; x_wconf 62' lang='lat' dir='ltr'>{nausis-stu</span> <span class='ocrx_word' id='word_1_214' title='bbox 925 2155 1016 2183; x_wconf 87' lang='lat' dir='ltr'>habet.</span> 
     </span>
    </p>

    <p class='ocr_par' dir='ltr' id='par_1_23' title="bbox 272 2195 1018 2279">
     <span class='ocr_line' id='line_1_47' title="bbox 308 2195 1018 2232; baseline 0.007 -12"><span class='ocrx_word' id='word_1_215' title='bbox 308 2196 324 2223; x_wconf 89' lang='lat'>8</span> <span class='ocrx_word' id='word_1_216' title='bbox 345 2195 392 2224; x_wconf 72' lang='lat' dir='ltr'>Hic</span> <span class='ocrx_word' id='word_1_217' title='bbox 406 2205 495 2232; x_wconf 81' lang='lat' dir='ltr'>graec.</span> <span class='ocrx_word' id='word_1_218' title='bbox 512 2197 588 2225; x_wconf 84' lang='lat' dir='ltr'>addit</span> <span class='ocrx_word' id='word_1_219' title='bbox 612 2202 672 2224; x_wconf 75' lang='grc' dir='ltr'>κατά</span> <span class='ocrx_word' id='word_1_220' title='bbox 695 2204 735 2228; x_wconf 66' lang='grc' dir='ltr'>τὴν</span> <span class='ocrx_word' id='word_1_221' title='bbox 756 2201 909 2228; x_wconf 53' lang='lat' dir='ltr'>&amp;xenonum</span> <span class='ocrx_word' id='word_1_222' title='bbox 929 2202 1018 2232; x_wconf 69' lang='grc' dir='ltr'><em>ἀγάπην</em></span> 
     </span>
     <span class='ocr_line' id='line_1_48' title="bbox 272 2243 828 2279; baseline 0.009 -10"><span class='ocrx_word' id='word_1_223' title='bbox 272 2243 429 2270; x_wconf 78' lang='lat' dir='ltr'>seeundum</span> <span class='ocrx_word' id='word_1_224' title='bbox 443 2245 627 2279; x_wconf 81' lang='lat' dir='ltr'>apostolicam</span> <span class='ocrx_word' id='word_1_225' title='bbox 644 2245 828 2274; x_wconf 76' lang='lat' dir='ltr'>charitatem.</span> 
     </span>
    </p>

    <p class='ocr_par' dir='ltr' id='par_1_24' title="bbox 274 2287 1018 2360">
     <span class='ocr_line' id='line_1_49' title="bbox 307 2287 1018 2327; baseline 0.007 -13"><span class='ocrx_word' id='word_1_226' title='bbox 307 2287 323 2314; x_wconf 85' lang='lat'>9</span> <span class='ocrx_word' id='word_1_227' title='bbox 342 2287 412 2323; x_wconf 80' lang='lat' dir='ltr'>Reg.</span> <span class='ocrx_word' id='word_1_228' title='bbox 439 2288 523 2316; x_wconf 83' lang='lat' dir='ltr'>Paris.</span> <span class='ocrx_word' id='word_1_229' title='bbox 549 2293 790 2325; x_wconf 75' lang='lat' dir='ltr'>eaepectassemus;</span> <span class='ocrx_word' id='word_1_230' title='bbox 816 2300 908 2327; x_wconf 81' lang='lat' dir='ltr'>graec.</span> <span class='ocrx_word' id='word_1_231' title='bbox 936 2291 1018 2320; x_wconf 76' lang='lat' dir='ltr'>lialiet</span> 
     </span>
     <span class='ocr_line' id='line_1_50' title="bbox 274 2332 420 2360; baseline 0.027 -5"><span class='ocrx_word' id='word_1_232' title='bbox 274 2332 349 2360; x_wconf 72' lang='grc' dir='ltr'>επειὸἡ</span> <span class='ocrx_word' id='word_1_233' title='bbox 367 2352 420 2359; x_wconf 87' lang='grc'><em>.....</em></span> 
     </span>
    </p>

    <p class='ocr_par' dir='ltr' id='par_1_25' title="bbox 309 2376 881 2413">
     <span class='ocr_line' id='line_1_51' title="bbox 309 2376 881 2413; baseline 0.012 -10"><span class='ocrx_word' id='word_1_234' title='bbox 309 2376 343 2403; x_wconf 90' lang='grc'>10</span> <span class='ocrx_word' id='word_1_235' title='bbox 358 2376 450 2404; x_wconf 86' lang='lat' dir='ltr'>Graec.</span> <span class='ocrx_word' id='word_1_236' title='bbox 468 2377 530 2405; x_wconf 84' lang='lat' dir='ltr'>add.</span> <span class='ocrx_word' id='word_1_237' title='bbox 548 2380 571 2403; x_wconf 78' lang='grc' dir='ltr'>ἐν</span> <span class='ocrx_word' id='word_1_238' title='bbox 590 2384 622 2413; x_wconf 70' lang='grc' dir='ltr'>τῷ</span> <span class='ocrx_word' id='word_1_239' title='bbox 641 2382 729 2411; x_wconf 61' lang='grc' dir='ltr'>μεταξύ</span> <span class='ocrx_word' id='word_1_240' title='bbox 748 2381 881 2409; x_wconf 75' lang='lat' dir='ltr'>interim.</span> 
     </span>
    </p>

    <p class='ocr_par' dir='ltr' id='par_1_26' title="bbox 312 2422 873 2459">
     <span class='ocr_line' id='line_1_52' title="bbox 312 2422 873 2459; baseline 0.011 -12"><span class='ocrx_word' id='word_1_241' title='bbox 312 2422 340 2448; x_wconf 82' lang='grc'>11</span> <span class='ocrx_word' id='word_1_242' title='bbox 365 2422 411 2448; x_wconf 88' lang='lat' dir='ltr'>Gr.</span> <span class='ocrx_word' id='word_1_243' title='bbox 429 2422 492 2450; x_wconf 87' lang='lat' dir='ltr'>hab.</span> <span class='ocrx_word' id='word_1_244' title='bbox 509 2426 636 2459; x_wconf 65' lang='grc' dir='ltr'>ὡηφίςομεν</span> <span class='ocrx_word' id='word_1_245' title='bbox 651 2426 873 2453; x_wconf 65' lang='grc' dir='ltr'>εεηὶεηιὶαιηῑιε.</span> 
     </span>
    </p>

    <p class='ocr_par' dir='ltr' id='par_1_27' title="bbox 310 2465 973 2505">
     <span class='ocr_line' id='line_1_53' title="bbox 310 2465 973 2505; baseline 0.006 -12"><span class='ocrx_word' id='word_1_246' title='bbox 310 2465 342 2493; x_wconf 79' lang='lat'>12</span> <span class='ocrx_word' id='word_1_247' title='bbox 358 2466 434 2493; x_wconf 88' lang='lat' dir='ltr'>Cont.</span> <span class='ocrx_word' id='word_1_248' title='bbox 450 2467 543 2494; x_wconf 89' lang='lat' dir='ltr'>Const.</span> <span class='ocrx_word' id='word_1_249' title='bbox 561 2475 626 2495; x_wconf 73' lang='lat' dir='ltr'>mss,</span> <span class='ocrx_word' id='word_1_250' title='bbox 643 2476 715 2503; x_wconf 81' lang='lat' dir='ltr'>vere,</span> <span class='ocrx_word' id='word_1_251' title='bbox 732 2469 804 2496; x_wconf 75' lang='lat' dir='ltr'>iuxta</span> <span class='ocrx_word' id='word_1_252' title='bbox 819 2478 858 2505; x_wconf 79' lang='lat' dir='ltr'>gr.</span> <span class='ocrx_word' id='word_1_253' title='bbox 877 2471 973 2500; x_wconf 67' lang='grc' dir='ltr'>ἁὶεθῶς.</span> 
     </span>
    </p>

    <p class='ocr_par' dir='ltr' id='par_1_28' title="bbox 273 2510 1015 2594">
     <span class='ocr_line' id='line_1_54' title="bbox 306 2510 1015 2548; baseline 0.007 -11"><span class='ocrx_word' id='word_1_254' title='bbox 306 2510 341 2538; x_wconf 88' lang='grc'>13</span> <span class='ocrx_word' id='word_1_255' title='bbox 355 2510 442 2538; x_wconf 78' lang='lat' dir='ltr'>Caras.</span> <span class='ocrx_word' id='word_1_256' title='bbox 459 2511 586 2539; x_wconf 81' lang='lat' dir='ltr'>interlicit</span> <span class='ocrx_word' id='word_1_257' title='bbox 605 2515 642 2547; x_wconf 80' lang='lat' dir='ltr'>et,</span> <span class='ocrx_word' id='word_1_258' title='bbox 659 2513 731 2548; x_wconf 83' lang='lat' dir='ltr'>quod</span> <span class='ocrx_word' id='word_1_259' title='bbox 747 2514 823 2541; x_wconf 89' lang='lat' dir='ltr'>Cont.</span> <span class='ocrx_word' id='word_1_260' title='bbox 841 2514 931 2542; x_wconf 86' lang='lat' dir='ltr'>Const.</span> <span class='ocrx_word' id='word_1_261' title='bbox 951 2523 1015 2542; x_wconf 89' lang='lat' dir='ltr'>mss.</span> 
     </span>
     <span class='ocr_line' id='line_1_55' title="bbox 273 2555 780 2594; baseline 0.006 -12"><span class='ocrx_word' id='word_1_262' title='bbox 273 2563 362 2589; x_wconf 76' lang='lat' dir='ltr'>graec.</span> <span class='ocrx_word' id='word_1_263' title='bbox 380 2555 531 2584; x_wconf 82' lang='lat' dir='ltr'>adhaerens</span> <span class='ocrx_word' id='word_1_264' title='bbox 547 2560 621 2584; x_wconf 85' lang='lat' dir='ltr'>recte</span> <span class='ocrx_word' id='word_1_265' title='bbox 642 2558 780 2594; x_wconf 77' lang='lat' dir='ltr'>expungit.</span> 
     </span>
    </p>

    <p class='ocr_par' dir='ltr' id='par_1_29' title="bbox 311 2600 1014 2639">
     <span class='ocr_line' id='line_1_56' title="bbox 311 2600 1014 2639; baseline 0.007 -12"><span class='ocrx_word' id='word_1_266' title='bbox 311 2600 342 2627; x_wconf 79' lang='grc'>14</span> <span class='ocrx_word' id='word_1_267' title='bbox 362 2601 460 2629; x_wconf 83' lang='lat' dir='ltr'>Baron.</span> <span class='ocrx_word' id='word_1_268' title='bbox 486 2602 740 2638; x_wconf 58' lang='lat' dir='ltr'>l‹·g.si&#39;›11ite.&lt;:gr.</span> <span class='ocrx_word' id='word_1_269' title='bbox 766 2612 809 2639; x_wconf 81' lang='lat' dir='ltr'>ap.</span> <span class='ocrx_word' id='word_1_270' title='bbox 837 2604 922 2633; x_wconf 71' lang='lat' dir='ltr'>Lami.</span> <span class='ocrx_word' id='word_1_271' title='bbox 951 2605 1014 2633; x_wconf 82' lang='lat' dir='ltr'>hab.</span> 
     </span>
    </p>
   </div>
   <div class='ocr_carea' id='block_1_18' title="bbox 276 2645 446 2678">
    <p class='ocr_par' dir='ltr' id='par_1_30' title="bbox 276 2645 446 2678">
     <span class='ocr_line' id='line_1_57' title="bbox 276 2645 446 2678; baseline 0.006 -7"><span class='ocrx_word' id='word_1_272' title='bbox 276 2645 336 2673; x_wconf 69' lang='lat' dir='ltr'>adv,</span> <span class='ocrx_word' id='word_1_273' title='bbox 355 2648 446 2678; x_wconf 74' lang='grc' dir='ltr'>ὁμοίως.</span> 
     </span>
    </p>
   </div>
   <div class='ocr_carea' id='block_1_19' title="bbox 444 2335 595 2366">
    <p class='ocr_par' dir='ltr' id='par_1_31' title="bbox 444 2335 595 2366">
     <span class='ocr_line' id='line_1_58' title="bbox 444 2335 595 2366; baseline 0.007 -9"><span class='ocrx_word' id='word_1_274' title='bbox 444 2335 595 2366; x_wconf 74' lang='grc' dir='ltr'>ἀναμένομεν.</span> 
     </span>
    </p>
   </div>
   <div class='ocr_carea' id='block_1_20' title="bbox 1033 296 1040 2346">
    <p class='ocr_par' dir='ltr' id='par_1_32' title="bbox 1033 296 1040 2346">
     <span class='ocr_line' id='line_1_59' title="bbox 1033 296 1040 2346; baseline 0 0"><span class='ocrx_word' id='word_1_275' title='bbox 1033 296 1040 2346; x_wconf 95' lang='lat' dir='ltr'> </span> 
     </span>
    </p>
   </div>
   <div class='ocr_carea' id='block_1_21' title="bbox 1054 325 1996 533">
    <p class='ocr_par' dir='ltr' id='par_1_33' title="bbox 1054 325 1996 533">
     <span class='ocr_line' id='line_1_60' title="bbox 1056 325 1796 367; baseline 0.007 -11"><span class='ocrx_word' id='word_1_276' title='bbox 1056 325 1171 358; x_wconf 84' lang='lat' dir='ltr'>ratoris</span> <span class='ocrx_word' id='word_1_277' title='bbox 1208 325 1264 357; x_wconf 76' lang='lat' dir='ltr'>tilii</span> <span class='ocrx_word' id='word_1_278' title='bbox 1305 326 1424 367; x_wconf 88' lang='lat' dir='ltr'>nostri,</span> <span class='ocrx_word' id='word_1_279' title='bbox 1472 327 1652 361; x_wconf 70' lang='lat' dir='ltr'>invenimus</span> <span class='ocrx_word' id='word_1_280' title='bbox 1687 328 1796 362; x_wconf 79' lang='lat' dir='ltr'>sedem</span> 
     </span>
     <span class='ocr_line' id='line_1_61' title="bbox 1054 379 1797 423; baseline 0.005 -12"><span class='ocrx_word' id='word_1_281' title='bbox 1054 379 1430 423; x_wconf 81' lang='lat' dir='ltr'>Constantinopolitanae</span> <span class='ocrx_word' id='word_1_282' title='bbox 1465 381 1648 421; x_wconf 76' lang='lat' dir='ltr'>Ecclesiae,</span> <span class='ocrx_word' id='word_1_283' title='bbox 1684 388 1797 415; x_wconf 80' lang='lat' dir='ltr'>contra</span> 
     </span>
     <span class='ocr_line' id='line_1_62' title="bbox 1054 434 1996 479; baseline 0.004 -13"><span class='ocrx_word' id='word_1_284' title='bbox 1054 443 1183 466; x_wconf 83' lang='lat' dir='ltr'>omnem</span> <span class='ocrx_word' id='word_1_285' title='bbox 1199 444 1360 466; x_wconf 76' lang='lat' dir='ltr'>canonum</span> <span class='ocrx_word' id='word_1_286' title='bbox 1375 434 1796 478; x_wconf 75' lang='lat' dir='ltr'>honestatem,abAntliimo</span> <span class='ocrx_word' id='word_1_287' title='bbox 1847 449 1996 479; x_wconf 51' lang='lat' dir='ltr'>natetcuse-</span> 
     </span>
     <span class='ocr_line' id='line_1_63' title="bbox 1054 476 1996 533; baseline 0.004 -14"><span class='ocrx_word' id='word_1_288' title='bbox 1054 486 1215 519; x_wconf 81' lang='lat' dir='ltr'>Ecclesiae</span> <span class='ocrx_word' id='word_1_289' title='bbox 1230 487 1540 530; x_wconf 73' lang='lat' dir='ltr'>Trapezuntiorum⁰</span> <span class='ocrx_word' id='word_1_290' title='bbox 1564 489 1716 533; x_wconf 85' lang='lat' dir='ltr'>episcopo</span> <span class='ocrx_word' id='word_1_291' title='bbox 1743 490 1792 522; x_wconf 93' lang='lat' dir='ltr'>in-</span> <span class='ocrx_word' id='word_1_292' title='bbox 1811 476 1996 529; x_wconf 42' lang='lat' dir='ltr'>lilllssffilfflfflffl</span> 
     </span>
    </p>
   </div>
   <div class='ocr_carea' id='block_1_22' title="bbox 1054 540 1794 584">
    <p class='ocr_par' dir='ltr' id='par_1_34' title="bbox 1054 540 1794 584">
     <span class='ocr_line' id='line_1_64' title="bbox 1054 540 1794 584; baseline 0.004 -11"><span class='ocrx_word' id='word_1_293' title='bbox 1054 540 1283 574; x_wconf 78' lang='lat' dir='ltr'>convenienter</span> <span class='ocrx_word' id='word_1_294' title='bbox 1306 547 1511 584; x_wconf 82' lang='lat' dir='ltr'>usurpatam,</span> <span class='ocrx_word' id='word_1_295' title='bbox 1540 543 1629 576; x_wconf 89' lang='lat' dir='ltr'>cuius</span> <span class='ocrx_word' id='word_1_296' title='bbox 1654 543 1794 576; x_wconf 83' lang='lat' dir='ltr'>animam</span> 
     </span>
    </p>
   </div>
   <div class='ocr_carea' id='block_1_23' title="bbox 1035 586 1792 640">
    <p class='ocr_par' dir='ltr' id='par_1_35' title="bbox 1035 586 1792 640">
     <span class='ocr_line' id='line_1_65' title="bbox 1035 586 1792 640; baseline 0.005 -14"><span class='ocrx_word' id='word_1_297' title='bbox 1035 586 1037 607; x_wconf 59' lang='lat'>³</span> <span class='ocrx_word' id='word_1_298' title='bbox 1053 604 1119 627; x_wconf 90' lang='lat' dir='ltr'>non</span> <span class='ocrx_word' id='word_1_299' title='bbox 1137 594 1240 627; x_wconf 85' lang='lat' dir='ltr'>solum</span> <span class='ocrx_word' id='word_1_300' title='bbox 1260 594 1439 627; x_wconf 84' lang='lat' dir='ltr'>secundum</span> <span class='ocrx_word' id='word_1_301' title='bbox 1459 595 1549 628; x_wconf 83' lang='lat' dir='ltr'>istam</span> <span class='ocrx_word' id='word_1_302' title='bbox 1569 602 1708 640; x_wconf 85' lang='lat' dir='ltr'>partem,</span> <span class='ocrx_word' id='word_1_303' title='bbox 1725 597 1792 638; x_wconf 85' lang='lat' dir='ltr'>sed,</span> 
     </span>
    </p>
   </div>
   <div class='ocr_carea' id='block_1_24' title="bbox 1052 648 1998 1662">
    <p class='ocr_par' dir='ltr' id='par_1_36' title="bbox 1054 648 1794 692">
     <span class='ocr_line' id='line_1_66' title="bbox 1054 648 1794 692; baseline 0.005 -12"><span class='ocrx_word' id='word_1_304' title='bbox 1054 648 1141 692; x_wconf 86' lang='lat' dir='ltr'>quod</span> <span class='ocrx_word' id='word_1_305' title='bbox 1178 648 1280 681; x_wconf 89' lang='lat' dir='ltr'>maius</span> <span class='ocrx_word' id='word_1_306' title='bbox 1312 653 1380 689; x_wconf 85' lang='lat' dir='ltr'>est,</span> <span class='ocrx_word' id='word_1_307' title='bbox 1406 648 1436 681; x_wconf 88' lang='lat' dir='ltr'>in</span> <span class='ocrx_word' id='word_1_308' title='bbox 1472 649 1674 683; x_wconf 83' lang='lat' dir='ltr'>consessione</span> <span class='ocrx_word' id='word_1_309' title='bbox 1701 661 1794 684; x_wconf 79' lang='lat' dir='ltr'>verae</span> 
     </span>
    </p>

    <p class='ocr_par' dir='ltr' id='par_1_37' title="bbox 1055 700 1793 745">
     <span class='ocr_line' id='line_1_67' title="bbox 1055 700 1793 745; baseline 0.005 -12"><span class='ocrx_word' id='word_1_310' title='bbox 1055 701 1129 734; x_wconf 86' lang='lat' dir='ltr'>tidei</span> <span class='ocrx_word' id='word_1_311' title='bbox 1162 712 1178 734; x_wconf 85' lang='lat' dir='ltr'>a</span> <span class='ocrx_word' id='word_1_312' title='bbox 1203 700 1387 745; x_wconf 86' lang='lat' dir='ltr'>perditione</span> <span class='ocrx_word' id='word_1_313' title='bbox 1417 702 1573 736; x_wconf 78' lang='lat' dir='ltr'>reducere</span> <span class='ocrx_word' id='word_1_314' title='bbox 1598 703 1793 737; x_wconf 77' lang='lat' dir='ltr'>desideravi-</span> 
     </span>
    </p>

    <p class='ocr_par' dir='ltr' id='par_1_38' title="bbox 1055 755 1797 799">
     <span class='ocr_line' id='line_1_68' title="bbox 1055 755 1797 799; baseline 0.005 -12"><span class='ocrx_word' id='word_1_315' title='bbox 1055 766 1144 788; x_wconf 85' lang='lat' dir='ltr'>mus:</span> <span class='ocrx_word' id='word_1_316' title='bbox 1180 755 1236 788; x_wconf 87' lang='lat' dir='ltr'>sed</span> <span class='ocrx_word' id='word_1_317' title='bbox 1272 755 1422 799; x_wconf 65' lang='lat' dir='ltr'>Eutychis</span> <span class='ocrx_word' id='word_1_318' title='bbox 1450 756 1553 789; x_wconf 84' lang='lat' dir='ltr'>errori</span> <span class='ocrx_word' id='word_1_319' title='bbox 1586 757 1732 790; x_wconf 85' lang='lat' dir='ltr'>insistens</span> <span class='ocrx_word' id='word_1_320' title='bbox 1757 758 1797 791; x_wconf 87' lang='lat' dir='ltr'>ad</span> 
     </span>
    </p>

    <p class='ocr_par' dir='ltr' id='par_1_39' title="bbox 1054 808 1792 854">
     <span class='ocr_line' id='line_1_69' title="bbox 1054 808 1792 854; baseline 0.004 -13"><span class='ocrx_word' id='word_1_321' title='bbox 1054 808 1139 841; x_wconf 83' lang='lat' dir='ltr'>viam</span> <span class='ocrx_word' id='word_1_322' title='bbox 1157 809 1301 842; x_wconf 72' lang='lat' dir='ltr'>veritatis</span> <span class='ocrx_word' id='word_1_323' title='bbox 1317 808 1446 842; x_wconf 79' lang='lat' dir='ltr'>venire⁷</span> <span class='ocrx_word' id='word_1_324' title='bbox 1467 810 1669 854; x_wconf 81' lang='lat' dir='ltr'>contempsit.</span> <span class='ocrx_word' id='word_1_325' title='bbox 1690 811 1792 852; x_wconf 86' lang='lat' dir='ltr'>Unde,</span> 
     </span>
    </p>

    <p class='ocr_par' dir='ltr' id='par_1_40' title="bbox 1055 862 1796 907">
     <span class='ocr_line' id='line_1_70' title="bbox 1055 862 1796 907; baseline 0.004 -12"><span class='ocrx_word' id='word_1_326' title='bbox 1055 873 1128 895; x_wconf 87' lang='lat' dir='ltr'>cum</span> <span class='ocrx_word' id='word_1_327' title='bbox 1148 863 1158 878; x_wconf 71' lang='lat'>&#39;³</span> <span class='ocrx_word' id='word_1_328' title='bbox 1182 862 1282 907; x_wconf 86' lang='lat' dir='ltr'>ipsius</span> <span class='ocrx_word' id='word_1_329' title='bbox 1314 862 1345 895; x_wconf 92' lang='lat' dir='ltr'>in</span> <span class='ocrx_word' id='word_1_330' title='bbox 1377 862 1441 895; x_wconf 85' lang='lat' dir='ltr'>side</span> <span class='ocrx_word' id='word_1_331' title='bbox 1474 863 1706 906; x_wconf 84' lang='lat' dir='ltr'>poenitentiam</span> <span class='ocrx_word' id='word_1_332' title='bbox 1737 865 1796 898; x_wconf 90' lang='lat' dir='ltr'>isto</span> 
     </span>
    </p>

    <p class='ocr_par' dir='ltr' id='par_1_41' title="bbox 1052 915 1998 1662">
     <span class='ocr_line' id='line_1_71' title="bbox 1055 915 1998 961; baseline 0.005 -13"><span class='ocrx_word' id='word_1_333' title='bbox 1055 917 1152 950; x_wconf 91' lang='lat' dir='ltr'>modo</span> <span class='ocrx_word' id='word_1_334' title='bbox 1184 921 1388 960; x_wconf 84' lang='lat' dir='ltr'>expectemus</span> <span class='ocrx_word' id='word_1_335' title='bbox 1407 915 1440 957; x_wconf 78' lang='lat'>⁹,</span> <span class='ocrx_word' id='word_1_336' title='bbox 1479 927 1585 960; x_wconf 82' lang='lat' dir='ltr'>neque</span> <span class='ocrx_word' id='word_1_337' title='bbox 1624 917 1794 960; x_wconf 83' lang='lat' dir='ltr'>catholico,</span> <span class='ocrx_word' id='word_1_338' title='bbox 1836 932 1998 961; x_wconf 63' lang='lat' dir='ltr'>omnequeca-</span> 
     </span>
     <span class='ocr_line' id='line_1_72' title="bbox 1053 959 1997 1015; baseline 0.004 -13"><span class='ocrx_word' id='word_1_339' title='bbox 1053 980 1159 1014; x_wconf 85' lang='lat' dir='ltr'>neque</span> <span class='ocrx_word' id='word_1_340' title='bbox 1184 980 1274 1003; x_wconf 83' lang='lat' dir='ltr'>sacro</span> <span class='ocrx_word' id='word_1_341' title='bbox 1295 970 1428 1003; x_wconf 90' lang='lat' dir='ltr'>nomine</span> <span class='ocrx_word' id='word_1_342' title='bbox 1446 970 1580 1013; x_wconf 83' lang='lat' dir='ltr'>dignum</span> <span class='ocrx_word' id='word_1_343' title='bbox 1599 981 1666 1004; x_wconf 84' lang='lat' dir='ltr'>esse</span> <span class='ocrx_word' id='word_1_344' title='bbox 1680 970 1703 988; x_wconf 87' lang='lat'>¹0</span> <span class='ocrx_word' id='word_1_345' title='bbox 1719 982 1794 1005; x_wconf 84' lang='lat' dir='ltr'>sen-·</span> <span class='ocrx_word' id='word_1_346' title='bbox 1814 959 1997 1015; x_wconf 57' lang='lat' dir='ltr'>‘sltl&#39;s&#39;5&#39;0&#39;nsstl513</span> 
     </span>
     <span class='ocr_line' id='line_1_73' title="bbox 1054 1012 1938 1065; baseline 0.002 -9"><span class='ocrx_word' id='word_1_347' title='bbox 1054 1023 1304 1065; x_wconf 83' lang='lat' dir='ltr'>tentiavimus¹¹,</span> <span class='ocrx_word' id='word_1_348' title='bbox 1338 1024 1443 1058; x_wconf 90' lang='lat' dir='ltr'>donec</span> <span class='ocrx_word' id='word_1_349' title='bbox 1468 1024 1578 1058; x_wconf 90' lang='lat' dir='ltr'>omnia</span> <span class='ocrx_word' id='word_1_350' title='bbox 1604 1036 1621 1058; x_wconf 84' lang='lat' dir='ltr'>a</span> <span class='ocrx_word' id='word_1_351' title='bbox 1649 1025 1799 1058; x_wconf 82' lang='lat' dir='ltr'>Patribus</span> <span class='ocrx_word' id='word_1_352' title='bbox 1814 1012 1889 1037; x_wconf 41' lang='lat' dir='ltr'>mmm</span> <span class='ocrx_word' id='word_1_353' title='bbox 1900 1015 1938 1033; x_wconf 65' lang='lat'>‘³⁵²&#39;</span> 
     </span>
     <span class='ocr_line' id='line_1_74' title="bbox 1055 1077 1799 1122; baseline 0.001 -12"><span class='ocrx_word' id='word_1_354' title='bbox 1055 1077 1182 1118; x_wconf 88' lang='lat' dir='ltr'>tradita,</span> <span class='ocrx_word' id='word_1_355' title='bbox 1203 1087 1262 1121; x_wconf 86' lang='lat' dir='ltr'>per</span> <span class='ocrx_word' id='word_1_356' title='bbox 1283 1088 1365 1122; x_wconf 89' lang='lat' dir='ltr'>quae</span> <span class='ocrx_word' id='word_1_357' title='bbox 1383 1077 1513 1111; x_wconf 75' lang='lat' dir='ltr'>verae¹²</span> <span class='ocrx_word' id='word_1_358' title='bbox 1533 1078 1702 1121; x_wconf 78' lang='lat' dir='ltr'>religionis</span> <span class='ocrx_word' id='word_1_359' title='bbox 1719 1078 1799 1112; x_wconf 79' lang='lat' dir='ltr'>sides</span> 
     </span>
     <span class='ocr_line' id='line_1_75' title="bbox 1054 1132 1799 1176; baseline 0.003 -12"><span class='ocrx_word' id='word_1_360' title='bbox 1054 1137 1084 1165; x_wconf 85' lang='lat' dir='ltr'>et</span> <span class='ocrx_word' id='word_1_361' title='bbox 1098 1132 1269 1176; x_wconf 84' lang='lat' dir='ltr'>disciplina</span> <span class='ocrx_word' id='word_1_362' title='bbox 1283 1133 1468 1166; x_wconf 85' lang='lat' dir='ltr'>custoditur</span> <span class='ocrx_word' id='word_1_363' title='bbox 1482 1132 1511 1174; x_wconf 76' lang='lat'>¹³,</span> <span class='ocrx_word' id='word_1_364' title='bbox 1529 1133 1708 1166; x_wconf 88' lang='lat' dir='ltr'>secundum</span> <span class='ocrx_word' id='word_1_365' title='bbox 1723 1144 1799 1166; x_wconf 87' lang='lat' dir='ltr'>con-</span> 
     </span>
     <span class='ocr_line' id='line_1_76' title="bbox 1053 1186 1795 1230; baseline 0.003 -12"><span class='ocrx_word' id='word_1_366' title='bbox 1053 1191 1223 1228; x_wconf 82' lang='lat' dir='ltr'>gruentem</span> <span class='ocrx_word' id='word_1_367' title='bbox 1244 1186 1496 1219; x_wconf 79' lang='lat' dir='ltr'>satisfactionem</span> <span class='ocrx_word' id='word_1_368' title='bbox 1518 1186 1683 1230; x_wconf 86' lang='lat' dir='ltr'>suscipiat.</span> <span class='ocrx_word' id='word_1_369' title='bbox 1704 1186 1795 1220; x_wconf 84' lang='lat' dir='ltr'>Cete-</span> 
     </span>
     <span class='ocr_line' id='line_1_77' title="bbox 1053 1238 1800 1284; baseline 0.001 -12"><span class='ocrx_word' id='word_1_370' title='bbox 1053 1249 1106 1272; x_wconf 84' lang='lat' dir='ltr'>ros</span> <span class='ocrx_word' id='word_1_371' title='bbox 1123 1249 1198 1273; x_wconf 76' lang='lat' dir='ltr'>vero</span> <span class='ocrx_word' id='word_1_372' title='bbox 1217 1239 1360 1273; x_wconf 69' lang='lat' dir='ltr'>similis¹⁴</span> <span class='ocrx_word' id='word_1_373' title='bbox 1375 1240 1600 1273; x_wconf 83' lang='lat' dir='ltr'>contumaciae</span> <span class='ocrx_word' id='word_1_374' title='bbox 1618 1239 1718 1284; x_wconf 90' lang='lat' dir='ltr'>ipsius</span> <span class='ocrx_word' id='word_1_375' title='bbox 1736 1246 1765 1273; x_wconf 87' lang='lat' dir='ltr'>et</span> <span class='ocrx_word' id='word_1_376' title='bbox 1778 1238 1800 1256; x_wconf 81' lang='lat'>¹⁵</span> 
     </span>
     <span class='ocr_line' id='line_1_78' title="bbox 1052 1294 1799 1338; baseline 0.003 -11"><span class='ocrx_word' id='word_1_377' title='bbox 1052 1294 1211 1327; x_wconf 76' lang='lat' dir='ltr'>sententia</span> <span class='ocrx_word' id='word_1_378' title='bbox 1229 1294 1436 1338; x_wconf 84' lang='lat' dir='ltr'>Apostolicae</span> <span class='ocrx_word' id='word_1_379' title='bbox 1453 1295 1543 1328; x_wconf 87' lang='lat' dir='ltr'>Sedis</span> <span class='ocrx_word' id='word_1_380' title='bbox 1565 1295 1799 1329; x_wconf 83' lang='lat' dir='ltr'>condemnatos</span> 
     </span>
     <span class='ocr_line' id='line_1_79' title="bbox 1053 1347 1799 1392; baseline 0.001 -12"><span class='ocrx_word' id='word_1_381' title='bbox 1053 1347 1203 1381; x_wconf 89' lang='lat' dir='ltr'>similiter</span> <span class='ocrx_word' id='word_1_382' title='bbox 1217 1347 1358 1382; x_wconf 85' lang='lat' dir='ltr'>charitas</span> <span class='ocrx_word' id='word_1_383' title='bbox 1372 1353 1475 1382; x_wconf 81' lang='lat' dir='ltr'>vestra</span> <span class='ocrx_word' id='word_1_384' title='bbox 1489 1353 1655 1382; x_wconf 75' lang='lat' dir='ltr'>aversetur</span> <span class='ocrx_word' id='word_1_385' title='bbox 1668 1347 1700 1389; x_wconf 74' lang='lat'>¹⁶,</span> <span class='ocrx_word' id='word_1_386' title='bbox 1718 1359 1799 1392; x_wconf 91' lang='lat' dir='ltr'>quo-</span> 
     </span>
     <span class='ocr_line' id='line_1_80' title="bbox 1053 1401 1793 1447; baseline 0.003 -14"><span class='ocrx_word' id='word_1_387' title='bbox 1053 1412 1133 1438; x_wconf 68' lang='lat' dir='ltr'>rum,</span> <span class='ocrx_word' id='word_1_388' title='bbox 1162 1401 1230 1445; x_wconf 88' lang='lat' dir='ltr'>ipse</span> <span class='ocrx_word' id='word_1_389' title='bbox 1262 1401 1403 1446; x_wconf 87' lang='lat' dir='ltr'>scipsum</span> <span class='ocrx_word' id='word_1_390' title='bbox 1440 1402 1634 1447; x_wconf 86' lang='lat' dir='ltr'>participem</span> <span class='ocrx_word' id='word_1_391' title='bbox 1670 1401 1793 1436; x_wconf 85' lang='lat' dir='ltr'>fecit¹⁷.</span> 
     </span>
     <span class='ocr_line' id='line_1_81' title="bbox 1052 1454 1795 1498; baseline 0.003 -11"><span class='ocrx_word' id='word_1_392' title='bbox 1052 1454 1429 1498; x_wconf 83' lang='lat' dir='ltr'>Constantinopolitanae</span> <span class='ocrx_word' id='word_1_393' title='bbox 1468 1465 1543 1489; x_wconf 81' lang='lat' dir='ltr'>vero</span> <span class='ocrx_word' id='word_1_394' title='bbox 1584 1455 1670 1489; x_wconf 85' lang='lat' dir='ltr'>sedis</span> <span class='ocrx_word' id='word_1_395' title='bbox 1708 1455 1795 1489; x_wconf 91' lang='lat' dir='ltr'>iniu—</span> 
     </span>
     <span class='ocr_line' id='line_1_82' title="bbox 1053 1507 1794 1552; baseline 0.003 -12"><span class='ocrx_word' id='word_1_396' title='bbox 1053 1507 1134 1541; x_wconf 88' lang='lat' dir='ltr'>riam</span> <span class='ocrx_word' id='word_1_397' title='bbox 1149 1508 1181 1548; x_wconf 74' lang='lat'>¹⁸,</span> <span class='ocrx_word' id='word_1_398' title='bbox 1198 1508 1375 1552; x_wconf 84' lang='lat' dir='ltr'>apostolica</span> <span class='ocrx_word' id='word_1_399' title='bbox 1393 1509 1586 1542; x_wconf 86' lang='lat' dir='ltr'>auctoritate</span> <span class='ocrx_word' id='word_1_400' title='bbox 1607 1509 1794 1550; x_wconf 86' lang='lat' dir='ltr'>adiuvante,</span> 
     </span>
     <span class='ocr_line' id='line_1_83' title="bbox 1052 1561 1797 1608; baseline 0.003 -14"><span class='ocrx_word' id='word_1_401' title='bbox 1052 1566 1083 1594; x_wconf 90' lang='lat' dir='ltr'>et</span> <span class='ocrx_word' id='word_1_402' title='bbox 1095 1561 1259 1595; x_wconf 89' lang='lat' dir='ltr'>adiutorio</span> <span class='ocrx_word' id='word_1_403' title='bbox 1273 1561 1538 1596; x_wconf 87' lang='lat' dir='ltr'>fidelissimorum</span> <span class='ocrx_word' id='word_1_404' title='bbox 1560 1563 1797 1608; x_wconf 86' lang='lat' dir='ltr'>imperatorum</span> 
     </span>
     <span class='ocr_line' id='line_1_84' title="bbox 1053 1615 1799 1662; baseline 0.004 -14"><span class='ocrx_word' id='word_1_405' title='bbox 1053 1615 1300 1650; x_wconf 84' lang='lat' dir='ltr'>emendabimus</span> <span class='ocrx_word' id='word_1_406' title='bbox 1314 1615 1345 1649; x_wconf 74' lang='lat'>¹⁰.</span> <span class='ocrx_word' id='word_1_407' title='bbox 1370 1617 1407 1649; x_wconf 87' lang='lat' dir='ltr'>Et</span> <span class='ocrx_word' id='word_1_408' title='bbox 1429 1617 1561 1651; x_wconf 89' lang='lat' dir='ltr'>modum</span> <span class='ocrx_word' id='word_1_409' title='bbox 1585 1617 1761 1662; x_wconf 86' lang='lat' dir='ltr'>quemdam</span> <span class='ocrx_word' id='word_1_410' title='bbox 1775 1615 1799 1633; x_wconf 65' lang='lat'>²⁰</span> 
     </span>
    </p>
   </div>
   <div class='ocr_carea' id='block_1_25' title="bbox 1813 1465 1997 1567">
    <p class='ocr_par' dir='ltr' id='par_1_42' title="bbox 1813 1465 1997 1567">
     <span class='ocr_line' id='line_1_85' title="bbox 1845 1465 1995 1487; baseline 0.013 -2"><span class='ocrx_word' id='word_1_411' title='bbox 1845 1465 1944 1486; x_wconf 80' lang='lat' dir='ltr'>lniuriam</span> <span class='ocrx_word' id='word_1_412' title='bbox 1956 1466 1995 1487; x_wconf 67' lang='grc' dir='ltr'>[ΣΡ.</span> 
     </span>
     <span class='ocr_line' id='line_1_86' title="bbox 1813 1492 1997 1518; baseline 0.005 -6"><span class='ocrx_word' id='word_1_413' title='bbox 1813 1492 1857 1513; x_wconf 60' lang='lat' dir='ltr'>sein</span> <span class='ocrx_word' id='word_1_414' title='bbox 1865 1493 1997 1518; x_wconf 62' lang='lat' dir='ltr'>ittatznnAgJ-</span> 
     </span>
     <span class='ocr_line' id='line_1_87' title="bbox 1813 1521 1997 1545; baseline 0.005 -6"><span class='ocrx_word' id='word_1_415' title='bbox 1813 1521 1917 1545; x_wconf 70' lang='lat' dir='ltr'>pctusAp.</span> <span class='ocrx_word' id='word_1_416' title='bbox 1925 1523 1997 1540; x_wconf 79' lang='lat' dir='ltr'>auctu-</span> 
     </span>
     <span class='ocr_line' id='line_1_88' title="bbox 1813 1546 1995 1567; baseline 0.005 -1"><span class='ocrx_word' id='word_1_417' title='bbox 1813 1548 1874 1566; x_wconf 62' lang='lat' dir='ltr'>ritate</span> <span class='ocrx_word' id='word_1_418' title='bbox 1891 1546 1995 1567; x_wconf 67' lang='lat' dir='ltr'>emendat.</span> 
     </span>
    </p>
   </div>
   <div class='ocr_carea' id='block_1_26' title="bbox 1087 1751 1564 1780">
    <p class='ocr_par' dir='ltr' id='par_1_43' title="bbox 1087 1751 1564 1780">
     <span class='ocr_line' id='line_1_89' title="bbox 1087 1751 1564 1780; baseline 0.004 -2"><span class='ocrx_word' id='word_1_419' title='bbox 1087 1751 1122 1778; x_wconf 78' lang='lat'>15</span> <span class='ocrx_word' id='word_1_420' title='bbox 1137 1751 1213 1779; x_wconf 87' lang='lat' dir='ltr'>Cont.</span> <span class='ocrx_word' id='word_1_421' title='bbox 1231 1752 1322 1779; x_wconf 87' lang='lat' dir='ltr'>Const.</span> <span class='ocrx_word' id='word_1_422' title='bbox 1340 1760 1403 1779; x_wconf 89' lang='lat' dir='ltr'>mss.</span> <span class='ocrx_word' id='word_1_423' title='bbox 1419 1751 1512 1779; x_wconf 86' lang='lat' dir='ltr'>delent</span> <span class='ocrx_word' id='word_1_424' title='bbox 1530 1755 1564 1780; x_wconf 74' lang='lat' dir='ltr'>et.</span> 
     </span>
    </p>
   </div>
   <div class='ocr_carea' id='block_1_27' title="bbox 1051 1804 1798 1922">
    <p class='ocr_par' dir='ltr' id='par_1_44' title="bbox 1051 1804 1798 1922">
     <span class='ocr_line' id='line_1_90' title="bbox 1087 1804 1798 1842; baseline 0.003 -10"><span class='ocrx_word' id='word_1_425' title='bbox 1087 1804 1122 1832; x_wconf 85' lang='lat'>16</span> <span class='ocrx_word' id='word_1_426' title='bbox 1137 1804 1232 1833; x_wconf 77' lang='lat' dir='ltr'>Carasa</span> <span class='ocrx_word' id='word_1_427' title='bbox 1248 1809 1274 1832; x_wconf 88' lang='lat' dir='ltr'>et</span> <span class='ocrx_word' id='word_1_428' title='bbox 1288 1806 1389 1833; x_wconf 86' lang='lat' dir='ltr'>Baron.</span> <span class='ocrx_word' id='word_1_429' title='bbox 1414 1805 1561 1839; x_wconf 54' lang='lat' dir='ltr'>advertam</span> <span class='ocrx_word' id='word_1_430' title='bbox 1584 1805 1603 1833; x_wconf 80' lang='lat' dir='ltr'>s.</span> <span class='ocrx_word' id='word_1_431' title='bbox 1628 1805 1717 1834; x_wconf 89' lang='lat' dir='ltr'>minus</span> <span class='ocrx_word' id='word_1_432' title='bbox 1737 1809 1798 1842; x_wconf 86' lang='lat' dir='ltr'>apte</span> 
     </span>
     <span class='ocr_line' id='line_1_91' title="bbox 1051 1848 1796 1886; baseline 0.003 -10"><span class='ocrx_word' id='word_1_433' title='bbox 1051 1848 1085 1876; x_wconf 86' lang='lat' dir='ltr'>ad</span> <span class='ocrx_word' id='word_1_434' title='bbox 1109 1858 1201 1884; x_wconf 71' lang='lat' dir='ltr'>graec,</span> <span class='ocrx_word' id='word_1_435' title='bbox 1228 1853 1293 1878; x_wconf 81' lang='lat' dir='ltr'>text.</span> <span class='ocrx_word' id='word_1_436' title='bbox 1316 1851 1499 1886; x_wconf 64' lang='grc' dir='ltr'>ἀποστραφήτω.</span> <span class='ocrx_word' id='word_1_437' title='bbox 1523 1851 1600 1878; x_wconf 83' lang='lat' dir='ltr'>Cont.</span> <span class='ocrx_word' id='word_1_438' title='bbox 1616 1850 1708 1879; x_wconf 88' lang='lat' dir='ltr'>Const.</span> <span class='ocrx_word' id='word_1_439' title='bbox 1730 1859 1796 1878; x_wconf 87' lang='lat' dir='ltr'>mss.</span> 
     </span>
     <span class='ocr_line' id='line_1_92' title="bbox 1052 1894 1237 1922; baseline 0.005 -1"><span class='ocrx_word' id='word_1_440' title='bbox 1052 1894 1193 1922; x_wconf 84' lang='lat' dir='ltr'>nobiscum</span> <span class='ocrx_word' id='word_1_441' title='bbox 1209 1895 1237 1922; x_wconf 91' lang='lat' dir='ltr'>ll.</span> 
     </span>
    </p>
   </div>
   <div class='ocr_carea' id='block_1_28' title="bbox 1050 1948 1799 2308">
    <p class='ocr_par' dir='ltr' id='par_1_45' title="bbox 1051 1948 1799 2155">
     <span class='ocr_line' id='line_1_93' title="bbox 1089 1948 1799 1985; baseline 0.003 -10"><span class='ocrx_word' id='word_1_442' title='bbox 1089 1948 1120 1975; x_wconf 83' lang='lat'>17</span> <span class='ocrx_word' id='word_1_443' title='bbox 1142 1948 1208 1984; x_wconf 82' lang='lat' dir='ltr'>Reg.</span> <span class='ocrx_word' id='word_1_444' title='bbox 1224 1949 1312 1976; x_wconf 87' lang='lat' dir='ltr'>Paris.</span> <span class='ocrx_word' id='word_1_445' title='bbox 1331 1958 1349 1976; x_wconf 87' lang='lat' dir='ltr'>a</span> <span class='ocrx_word' id='word_1_446' title='bbox 1365 1957 1490 1984; x_wconf 77' lang='lat' dir='ltr'>quorum</span> <span class='ocrx_word' id='word_1_447' title='bbox 1506 1951 1567 1984; x_wconf 75' lang='lat' dir='ltr'>ipse</span> <span class='ocrx_word' id='word_1_448' title='bbox 1581 1950 1707 1985; x_wconf 75' lang='lat' dir='ltr'>seipsum</span> <span class='ocrx_word' id='word_1_449' title='bbox 1722 1959 1799 1978; x_wconf 79' lang='lat' dir='ltr'>com-</span> 
     </span>
     <span class='ocr_line' id='line_1_94' title="bbox 1051 1993 1798 2030; baseline 0.004 -10"><span class='ocrx_word' id='word_1_450' title='bbox 1051 1993 1190 2020; x_wconf 75' lang='lat' dir='ltr'>munione</span> <span class='ocrx_word' id='word_1_451' title='bbox 1209 1993 1352 2026; x_wconf 78' lang='lat' dir='ltr'>seiun.1·z·t,·</span> <span class='ocrx_word' id='word_1_452' title='bbox 1374 1993 1447 2021; x_wconf 77' lang='lat' dir='ltr'>iuxta</span> <span class='ocrx_word' id='word_1_453' title='bbox 1460 2002 1552 2030; x_wconf 84' lang='lat' dir='ltr'>graec.</span> <span class='ocrx_word' id='word_1_454' title='bbox 1576 1996 1606 2019; x_wconf 73' lang='grc' dir='ltr'>ὧν</span> <span class='ocrx_word' id='word_1_455' title='bbox 1625 1995 1696 2023; x_wconf 61' lang='lat' dir='ltr'>&amp;urbs</span> <span class='ocrx_word' id='word_1_456' title='bbox 1718 1997 1798 2019; x_wconf 75' lang='grc' dir='ltr'><strong>ἑαυτὸν</strong></span> 
     </span>
     <span class='ocr_line' id='line_1_95' title="bbox 1051 2037 1797 2074; baseline 0.007 -13"><span class='ocrx_word' id='word_1_457' title='bbox 1051 2037 1168 2068; x_wconf 56' lang='lat' dir='ltr'>&amp;siti-0202</span> <span class='ocrx_word' id='word_1_458' title='bbox 1188 2039 1300 2065; x_wconf 70' lang='grc' dir='ltr'>ἐποίησενῑ</span> <span class='ocrx_word' id='word_1_459' title='bbox 1323 2042 1350 2065; x_wconf 81' lang='lat' dir='ltr'>at</span> <span class='ocrx_word' id='word_1_460' title='bbox 1369 2038 1442 2065; x_wconf 85' lang='lat' dir='ltr'>aliud</span> <span class='ocrx_word' id='word_1_461' title='bbox 1459 2043 1527 2066; x_wconf 84' lang='lat' dir='ltr'>orat.</span> <span class='ocrx_word' id='word_1_462' title='bbox 1544 2042 1686 2066; x_wconf 83' lang='lat' dir='ltr'>contextus</span> <span class='ocrx_word' id='word_1_463' title='bbox 1705 2039 1797 2074; x_wconf 90' lang='lat' dir='ltr'>requi-</span> 
     </span>
     <span class='ocr_line' id='line_1_96' title="bbox 1051 2081 1794 2119; baseline 0.004 -11"><span class='ocrx_word' id='word_1_464' title='bbox 1051 2081 1095 2109; x_wconf 87' lang='lat' dir='ltr'>rit:</span> <span class='ocrx_word' id='word_1_465' title='bbox 1112 2081 1227 2110; x_wconf 85' lang='lat' dir='ltr'>sortasse</span> <span class='ocrx_word' id='word_1_466' title='bbox 1241 2087 1339 2114; x_wconf 64' lang='grc' dir='ltr'>μέτοχον</span> <span class='ocrx_word' id='word_1_467' title='bbox 1356 2091 1404 2118; x_wconf 85' lang='lat' dir='ltr'>pro</span> <span class='ocrx_word' id='word_1_468' title='bbox 1419 2084 1534 2115; x_wconf 61' lang='grc' dir='ltr'>ἀμέτοχον</span> <span class='ocrx_word' id='word_1_469' title='bbox 1550 2084 1575 2111; x_wconf 87' lang='lat' dir='ltr'>in</span> <span class='ocrx_word' id='word_1_470' title='bbox 1586 2092 1627 2119; x_wconf 81' lang='lat' dir='ltr'>gr.</span> <span class='ocrx_word' id='word_1_471' title='bbox 1640 2084 1794 2119; x_wconf 86' lang='lat' dir='ltr'>legendum,</span> 
     </span>
     <span class='ocr_line' id='line_1_97' title="bbox 1051 2127 1249 2155; baseline 0.005 -1"><span class='ocrx_word' id='word_1_472' title='bbox 1051 2127 1124 2154; x_wconf 79' lang='lat' dir='ltr'>iuxta</span> <span class='ocrx_word' id='word_1_473' title='bbox 1139 2135 1168 2154; x_wconf 91' lang='lat' dir='ltr'>n.</span> <span class='ocrx_word' id='word_1_474' title='bbox 1187 2128 1249 2155; x_wconf 78' lang='lat' dir='ltr'>tect.</span> 
     </span>
    </p>

    <p class='ocr_par' dir='ltr' id='par_1_46' title="bbox 1050 2182 1795 2308">
     <span class='ocr_line' id='line_1_98' title="bbox 1088 2182 1795 2218; baseline 0.003 -9"><span class='ocrx_word' id='word_1_475' title='bbox 1088 2182 1120 2209; x_wconf 88' lang='grc'>18</span> <span class='ocrx_word' id='word_1_476' title='bbox 1135 2182 1211 2210; x_wconf 91' lang='lat' dir='ltr'>Cont.</span> <span class='ocrx_word' id='word_1_477' title='bbox 1225 2183 1316 2210; x_wconf 89' lang='lat' dir='ltr'>Const.</span> <span class='ocrx_word' id='word_1_478' title='bbox 1330 2191 1393 2209; x_wconf 81' lang='lat' dir='ltr'>mss.</span> <span class='ocrx_word' id='word_1_479' title='bbox 1410 2183 1483 2209; x_wconf 80' lang='lat' dir='ltr'>iuxta</span> <span class='ocrx_word' id='word_1_480' title='bbox 1498 2190 1589 2218; x_wconf 80' lang='lat' dir='ltr'>graec.</span> <span class='ocrx_word' id='word_1_481' title='bbox 1600 2186 1740 2217; x_wconf 62' lang='grc' dir='ltr'><strong>βοηθοῦντος</strong></span> <span class='ocrx_word' id='word_1_482' title='bbox 1756 2186 1795 2207; x_wconf 73' lang='grc' dir='ltr'>τοῦ</span> 
     </span>
     <span class='ocr_line' id='line_1_99' title="bbox 1050 2226 1795 2263; baseline 0.001 -10"><span class='ocrx_word' id='word_1_483' title='bbox 1050 2230 1104 2251; x_wconf 61' lang='grc' dir='ltr'>θεοῦ</span> <span class='ocrx_word' id='word_1_484' title='bbox 1118 2226 1181 2254; x_wconf 80' lang='lat' dir='ltr'>add.</span> <span class='ocrx_word' id='word_1_485' title='bbox 1194 2228 1364 2255; x_wconf 66' lang='lat' dir='ltr'>auoez&#39;liante</span> <span class='ocrx_word' id='word_1_486' title='bbox 1377 2228 1445 2254; x_wconf 85' lang='lat' dir='ltr'>Deo.</span> <span class='ocrx_word' id='word_1_487' title='bbox 1465 2228 1601 2263; x_wconf 86' lang='lat' dir='ltr'>lntegrum</span> <span class='ocrx_word' id='word_1_488' title='bbox 1617 2227 1706 2255; x_wconf 88' lang='lat' dir='ltr'>locum</span> <span class='ocrx_word' id='word_1_489' title='bbox 1722 2227 1795 2254; x_wconf 86' lang='lat' dir='ltr'>iuxta</span> 
     </span>
     <span class='ocr_line' id='line_1_100' title="bbox 1050 2271 1795 2308; baseline 0.001 -10"><span class='ocrx_word' id='word_1_490' title='bbox 1050 2280 1091 2307; x_wconf 83' lang='lat' dir='ltr'>gr.</span> <span class='ocrx_word' id='word_1_491' title='bbox 1108 2271 1147 2299; x_wconf 81' lang='lat' dir='ltr'>sie</span> <span class='ocrx_word' id='word_1_492' title='bbox 1162 2271 1311 2308; x_wconf 84' lang='lat' dir='ltr'>intelligas:</span> <span class='ocrx_word' id='word_1_493' title='bbox 1334 2283 1346 2296; x_wconf 92' lang='lat'>«</span> <span class='ocrx_word' id='word_1_494' title='bbox 1359 2272 1414 2299; x_wconf 89' lang='lat' dir='ltr'>CP.</span> <span class='ocrx_word' id='word_1_495' title='bbox 1429 2273 1458 2299; x_wconf 91' lang='lat' dir='ltr'>S.</span> <span class='ocrx_word' id='word_1_496' title='bbox 1476 2273 1622 2300; x_wconf 74' lang='lat' dir='ltr'>iniuriam</span> <span class='ocrx_word' id='word_1_497' title='bbox 1637 2272 1795 2307; x_wconf 74' lang='lat' dir='ltr'>apostolica</span> 
     </span>
    </p>
   </div>
   <div class='ocr_carea' id='block_1_29' title="bbox 1040 2316 1794 2351">
    <p class='ocr_par' dir='ltr' id='par_1_47' title="bbox 1040 2316 1794 2351">
     <span class='ocr_line' id='line_1_101' title="bbox 1040 2316 1794 2351; baseline -0.003 -8"><span class='ocrx_word' id='word_1_498' title='bbox 1040 2317 1225 2345; x_wconf 41' lang='lat' dir='ltr'>-auctor&#39;icace</span> <span class='ocrx_word' id='word_1_499' title='bbox 1239 2316 1316 2351; x_wconf 81' lang='lat' dir='ltr'>(Deo</span> <span class='ocrx_word' id='word_1_500' title='bbox 1331 2317 1507 2351; x_wconf 78' lang='lat' dir='ltr'>adiuvante)</span> <span class='ocrx_word' id='word_1_501' title='bbox 1522 2320 1548 2343; x_wconf 81' lang='lat' dir='ltr'>et</span> <span class='ocrx_word' id='word_1_502' title='bbox 1563 2317 1711 2345; x_wconf 69' lang='lat' dir='ltr'>adiutorio</span> <span class='ocrx_word' id='word_1_503' title='bbox 1726 2317 1794 2351; x_wconf 66' lang='lat' dir='ltr'>fidi·-</span> 
     </span>
    </p>
   </div>
   <div class='ocr_carea' id='block_1_30' title="bbox 1052 2362 1791 2451">
    <p class='ocr_par' dir='ltr' id='par_1_48' title="bbox 1052 2362 1791 2451">
     <span class='ocr_line' id='line_1_102' title="bbox 1052 2362 1481 2397; baseline -0.002 -8"><span class='ocrx_word' id='word_1_504' title='bbox 1052 2363 1110 2389; x_wconf 74' lang='lat' dir='ltr'>liss.</span> <span class='ocrx_word' id='word_1_505' title='bbox 1130 2362 1199 2397; x_wconf 79' lang='lat' dir='ltr'>imp.</span> <span class='ocrx_word' id='word_1_506' title='bbox 1216 2362 1438 2389; x_wconf 79' lang='lat' dir='ltr'>emendabimus</span> <span class='ocrx_word' id='word_1_507' title='bbox 1456 2371 1481 2388; x_wconf 79' lang='grc' dir='ltr'>ι).</span> 
     </span>
     <span class='ocr_line' id='line_1_103' title="bbox 1089 2415 1791 2451; baseline -0.001 -9"><span class='ocrx_word' id='word_1_508' title='bbox 1089 2416 1120 2442; x_wconf 84' lang='grc'>19</span> <span class='ocrx_word' id='word_1_509' title='bbox 1135 2415 1174 2442; x_wconf 89' lang='lat' dir='ltr'>ld.</span> <span class='ocrx_word' id='word_1_510' title='bbox 1187 2415 1223 2442; x_wconf 79' lang='lat' dir='ltr'>il).</span> <span class='ocrx_word' id='word_1_511' title='bbox 1237 2416 1451 2443; x_wconf 78' lang='lat' dir='ltr'>emendavimus</span> <span class='ocrx_word' id='word_1_512' title='bbox 1466 2415 1498 2442; x_wconf 85' lang='lat' dir='ltr'>ad</span> <span class='ocrx_word' id='word_1_513' title='bbox 1514 2423 1604 2451; x_wconf 80' lang='lat' dir='ltr'>graec.</span> <span class='ocrx_word' id='word_1_514' title='bbox 1618 2416 1791 2449; x_wconf 62' lang='grc' dir='ltr'>διωρθώσαμιν.</span> 
     </span>
    </p>
   </div>
   <div class='ocr_carea' id='block_1_31' title="bbox 1050 2469 1793 2684">
    <p class='ocr_par' dir='ltr' id='par_1_49' title="bbox 1050 2469 1793 2684">
     <span class='ocr_line' id='line_1_104' title="bbox 1086 2469 1793 2505; baseline -0.001 -9"><span class='ocrx_word' id='word_1_515' title='bbox 1086 2470 1121 2497; x_wconf 75' lang='lat'>20</span> <span class='ocrx_word' id='word_1_516' title='bbox 1136 2469 1232 2498; x_wconf 87' lang='lat' dir='ltr'>Baron.</span> <span class='ocrx_word' id='word_1_517' title='bbox 1246 2473 1273 2498; x_wconf 88' lang='lat' dir='ltr'>et</span> <span class='ocrx_word' id='word_1_518' title='bbox 1284 2469 1370 2497; x_wconf 86' lang='lat' dir='ltr'>Caras.</span> <span class='ocrx_word' id='word_1_519' title='bbox 1385 2473 1411 2498; x_wconf 79' lang='grc' dir='ltr'>εί</span> <span class='ocrx_word' id='word_1_520' title='bbox 1425 2479 1515 2505; x_wconf 73' lang='lat' dir='ltr'>supra</span> <span class='ocrx_word' id='word_1_521' title='bbox 1529 2470 1646 2497; x_wconf 80' lang='lat' dir='ltr'>modum</span> <span class='ocrx_word' id='word_1_522' title='bbox 1663 2469 1793 2504; x_wconf 72' lang='lat' dir='ltr'>quidem,-</span> 
     </span>
     <span class='ocr_line' id='line_1_105' title="bbox 1050 2514 1793 2550; baseline -0.003 -10"><span class='ocrx_word' id='word_1_523' title='bbox 1050 2523 1140 2550; x_wconf 80' lang='lat' dir='ltr'>graec,</span> <span class='ocrx_word' id='word_1_524' title='bbox 1157 2514 1220 2542; x_wconf 77' lang='lat' dir='ltr'>hab,</span> <span class='ocrx_word' id='word_1_525' title='bbox 1238 2519 1275 2540; x_wconf 71' lang='lat' dir='ltr'>mi</span> <span class='ocrx_word' id='word_1_526' title='bbox 1291 2519 1375 2550; x_wconf 77' lang='grc' dir='ltr'>τρόπον</span> <span class='ocrx_word' id='word_1_527' title='bbox 1390 2518 1443 2540; x_wconf 66' lang='grc' dir='ltr'>τινὰ</span> <span class='ocrx_word' id='word_1_528' title='bbox 1453 2518 1646 2546; x_wconf 63' lang='grc' dir='ltr'>τεθαυμάκαμενῑ</span> <span class='ocrx_word' id='word_1_529' title='bbox 1665 2514 1748 2541; x_wconf 79' lang='lat' dir='ltr'>idest:</span> <span class='ocrx_word' id='word_1_530' title='bbox 1766 2517 1793 2541; x_wconf 81' lang='lat' dir='ltr'>el</span> 
     </span>
     <span class='ocr_line' id='line_1_106' title="bbox 1051 2558 1791 2595; baseline -0.004 -8"><span class='ocrx_word' id='word_1_531' title='bbox 1051 2561 1178 2595; x_wconf 75' lang='lat' dir='ltr'>quodam</span> <span class='ocrx_word' id='word_1_532' title='bbox 1198 2561 1279 2587; x_wconf 79' lang='lat' dir='ltr'>modo</span> <span class='ocrx_word' id='word_1_533' title='bbox 1300 2560 1443 2588; x_wconf 75' lang='lat' dir='ltr'>admirali</span> <span class='ocrx_word' id='word_1_534' title='bbox 1463 2568 1571 2586; x_wconf 77' lang='lat' dir='ltr'>sumus.</span> <span class='ocrx_word' id='word_1_535' title='bbox 1594 2559 1690 2594; x_wconf 76' lang='lat' dir='ltr'>Aptius</span> <span class='ocrx_word' id='word_1_536' title='bbox 1710 2558 1791 2592; x_wconf 72' lang='lat' dir='ltr'>igitur</span> 
     </span>
     <span class='ocr_line' id='line_1_107' title="bbox 1051 2603 1791 2639; baseline -0.005 -7"><span class='ocrx_word' id='word_1_537' title='bbox 1051 2605 1084 2632; x_wconf 84' lang='lat' dir='ltr'>ad</span> <span class='ocrx_word' id='word_1_538' title='bbox 1100 2614 1211 2632; x_wconf 83' lang='lat' dir='ltr'>sensum</span> <span class='ocrx_word' id='word_1_539' title='bbox 1228 2604 1375 2632; x_wconf 80' lang='lat' dir='ltr'>Baronius:</span> <span class='ocrx_word' id='word_1_540' title='bbox 1394 2608 1420 2632; x_wconf 77' lang='lat' dir='ltr'>cl</span> <span class='ocrx_word' id='word_1_541' title='bbox 1434 2613 1521 2639; x_wconf 74' lang='lat' dir='ltr'>supra</span> <span class='ocrx_word' id='word_1_542' title='bbox 1541 2604 1657 2630; x_wconf 74' lang='lat' dir='ltr'>modum</span> <span class='ocrx_word' id='word_1_543' title='bbox 1675 2603 1791 2637; x_wconf 74' lang='lat' dir='ltr'>quidem</span> 
     </span>
     <span class='ocr_line' id='line_1_108' title="bbox 1051 2649 1567 2684; baseline -0.004 -8"><span class='ocrx_word' id='word_1_544' title='bbox 1051 2649 1196 2678; x_wconf 68' lang='lat' dir='ltr'>admirati</span> <span class='ocrx_word' id='word_1_545' title='bbox 1211 2658 1320 2683; x_wconf 70' lang='lat' dir='ltr'>sumus,</span> <span class='ocrx_word' id='word_1_546' title='bbox 1338 2657 1417 2684; x_wconf 78' lang='lat' dir='ltr'>quam</span> <span class='ocrx_word' id='word_1_547' title='bbox 1435 2657 1461 2675; x_wconf 92' lang='lat' dir='ltr'>n.</span> <span class='ocrx_word' id='word_1_548' title='bbox 1481 2649 1567 2675; x_wconf 72' lang='lat' dir='ltr'>lectio.</span> 
     </span>
    </p>
   </div>
  </div>
 </body>
</html>
