2244 3183
63 265 112 292 Λ11.
133 263 160 292 C.
176 263 228 291 445

75 1446 149 1467 Vitiau
160 1447 245 1468 codices

62 1474 155 1495 delendi.

672 259 826 284 APPENDIX
851 259 994 283 BLTLLARII
1019 259 1148 284 nomm.
1176 260 1202 283 S.
1229 259 1285 283 LEO
1311 259 1356 282 ΡΡ.

258 311 342 345 0111111
365 314 412 343 est
432 308 579 349 transire,
603 308 691 342 aliud
713 307 895 344 transferri3
920 307 999 340 illud

257 365 343 398 enim
365 369 479 408 sponte
502 362 731 396 transcendere
751 366 809 401 est,
833 361 894 393 hoe
919 371 996 394 eoa-

258 424 305 452 ete
325 424 421 461 atque
440 417 537 450 invite
561 415 724 460 progredi.
745 414 947 458 Quapropter
967 413 999 446 hi

258 482 322 504 non
345 471 458 504 urbem
480 475 623 509 mutant,
646 469 701 502 sed
728 473 909 501 mutantur:
933 477 999 500 non

258 525 344 558 enim
358 535 415 557 sua
426 530 550 568 sponte,
567 523 623 557 sed
641 533 699 566 per
717 521 781 554 vim
803 521 924 554 illatam
938 520 1000 554 hoc

257 578 388 611 faciunt.
417 578 486 610 Non
512 576 609 619 igitur
633 575 737 609 sciunt
768 573 1000 608 ecclesiasticos

257 642 409 672 canones,
433 631 487 675 qui
513 630 697 663 inficiantur
712 628 858 662 utilitatis
877 639 914 661 ae
937 638 997 660 ne—

257 685 413 718 cessitatis
438 695 533 717 causa
557 683 627 716 fieri
653 693 717 716 non
742 692 847 726 posse,
875 680 1000 725 quoties

257 738 439 772 communis
457 737 629 772 necessitas
649 736 835 780 utilitasque
861 736 891 768 id
921 746 996 769 sua-

258 793 331 825 deat
351 792 386 825 ¹.-

615 925 671 959 112.

258 1017 434 1042 sexrnxrm
466 1016 567 1041 PAPAE
593 1017 710 1040 Leoxts
734 1016 776 1040 DE
803 1015 1000 1039 Arocm‘rnis

516 1070 701 1094 scmrrums
720 1059 742 1092 ³.

257 1142 422 1186 Episcopis
433 1143 576 1185 [μηνίων
588 1141 737 1180 mmzdut,
749 1145 782 1173 ut
797 1141 1002 1184 apocryphae

302 1197 480 1240 scripcumw
500 1195 631 1239 penitus
661 1195 889 1235 destruantur,
919 1194 1003 1226 orili-

303 1260 437 1293 nemque
475 1259 645 1282 sacrarum
691 1248 868 1281 lectionum
910 1258 1004 1290 prae-

305 1303 430 1337 scribit.
862 1297 872 1309 ¹

304 1383 487 1417 Curandum
513 1393 590 1425 crgo
611 1387 669 1423 est,
693 1388 723 1415 et
743 1381 934 1416 sacerdotali
955 1381 1003 1415 di-

261 1436 394 1479 ligentia
413 1437 424 1453 ⁴
443 1436 582 1469 maxime
607 1436 857 1480 providendum,
883 1441 918 1469 ut
935 1435 1004 1469 salsi

261 1490 388 1524 codices
405 1490 426 1530 ⁵,
451 1495 481 1523 et
501 1500 519 1522 a
539 1489 665 1523 sincera
677 1489 809 1522 veritate
825 1489 1001 1530 discordes,

260 1544 293 1577 in
318 1544 406 1577 nullo
428 1554 487 1577 usu
512 1543 659 1577 lectionis
683 1543 891 1576 habeantur?
920 1544 1005 1587 Apo-

261 1598 400 1642 crypliae
423 1597 620 1641 scripturae,
641 1608 724 1641 quac
745 1597 1005 1630 subnominibus

260 1652 487 1695 Apostolorum
520 1651 695 1684 multarum
730 1650 851 1683 habent
881 1650 1005 1683 semina

297 1779 306 1804 1
330 1777 391 1804 Dat.
416 1777 490 1804 iuxta
513 1775 649 1807 Quesnell.
673 1784 735 1803 ann¹
759 1776 821 1810 445,
842 1785 857 1803 a
877 1784 930 1812 quo
950 1775 1005 1802 dis-

260 1822 380 1849 sentiunt
392 1821 518 1848 Ballerin.
535 1821 585 1848 loc.
604 1821 661 1853 cit.;
679 1821 724 1856 qui
739 1821 810 1847 hane
826 1829 869 1857 ep.
886 1821 1007 1848 referunt

260 1867 294 1894 ad
313 1874 413 1893 annum
430 1866 492 1893 446.
517 1865 637 1901 Ambigit
652 1865 718 1892 Jatte
740 1865 811 1892 intra
835 1874 935 1892 annum
954 1866 1006 1893 445

262 1915 288 1939 et
304 1911 364 1938 11116.

296 1956 312 1982 2
333 1955 370 1982 Ex
395 1954 460 1982 edit.
487 1954 615 1981 Ballerin.
638 1956 710 1990 Opp.
733 1956 763 1982 S.
785 1955 884 1983 Leonis
901 1959 964 1982 tom.
987 1962 1004 1990 1,

261 2000 313 2028 col.
346 2000 425 2033 1479,
446 2000 492 2035 qui
517 1999 664 2026 ostendunt
683 1999 799 2035 primum
824 2004 903 2036 caput
927 1999 1007 2027 huius

260 2048 376 2073 sentent.
399 2044 557 2080 decerptum
582 2044 691 2080 quidem
711 2052 771 2071 esse
795 2052 826 2071 ex
848 2045 946 2072 Leonis
961 2053 1004 2082 ep.

261 2098 295 2117 xv
309 2089 483 2125 respondent.
510 2098 553 2126 ep.
569 2096 606 2116 111
621 2093 728 2117 nostrae
747 2089 812 2117 edit.
829 2090 882 2117 vol.
900 2091 924 2124 1,
943 2099 1004 2126 pag.

261 2136 306 2169 543
318 2135 432 2162 alterum
450 2143 512 2162 vero
537 2134 690 2162 existimant
713 2135 794 2162 Leoni
809 2143 864 2162 non
879 2143 938 2162 esse
958 2136 1006 2162 tri-

261 2179 410 2207 buendum.
843 2207 846 2211 ,

296 2224 312 2251 3
329 2234 341 2249 κ
354 2223 397 2251 Sic
411 2223 487 2259 legit.
503 2223 530 2250 iu
541 2224 601 2250 Vat.
614 2223 694 2259 palat.
708 2223 770 2258 277,
783 2227 809 2251 et
823 2223 891 2251 aliis.
909 2224 937 2251 111
955 2224 1007 2251 val-

261 2268 343 2295 licell.
360 2272 450 2295 autem
471 2268 505 2295 18
525 2276 597 2295 saec.
620 2275 645 2294 xi
671 2268 713 2294 De
737 2268 907 2303 apocryphis
931 2269 1005 2296 scri-

257 2313 357 2348 pturis
368 2321 404 2339 ex
416 2313 506 2339 Leone
518 2313 578 2340 ΡΡ.
589 2323 615 2339 υ.
629 2312 724 2339 Baller.
743 2313 760 2339 l.
775 2321 810 2347 c.,
827 2313 899 2340 unde
914 2321 1006 2340 secer-

262 2357 351 2384 nimus
367 2356 498 2393 quidquid
514 2357 540 2384 in
561 2356 612 2384 hoc
636 2357 779 2393 fragment.
806 2357 1006 2385 observandum

262 2410 415 2430 censemus.

297 2447 312 2473 4
336 2447 376 2474 lta
391 2456 452 2474 cum
469 2446 528 2474 cod.
551 2446 634 2474 Palat.
662 2455 704 2482 ep.
727 2454 760 2473 xv
786 2446 819 2474 ad
839 2447 1004 2482 Turribium,

263 2501 286 2519 c.
304 2493 345 2520 15.
363 2492 401 2519 At.
422 2492 622 2526 providentia.

298 2537 314 2564 5
329 2536 356 2563 111
379 2536 486 2563 laudata
507 2537 586 2571 epist.
613 2535 708 2563 melius
723 2537 841 2570 salsati3
858 2536 1006 2564 innuuntur

264 2582 335 2609 enim
356 2582 433 2609 codd.
452 2590 467 2608 a
487 2582 648 2609 Priscillian.
671 2582 800 2617 corrupti.

298 2628 315 2655 6
330 2627 368 2654 Al.
387 2626 466 2654 codd.
482 2627 520 2654 sic
540 2630 716 2663 prosequunt.
738 2627 809 2662 quia
833 2627 937 2655 habent
961 2636 1004 2654 sc-

263 2672 343 2700 mina
361 2673 536 2707 falsitatum.
563 2673 626 2701 Non
642 2672 736 2700 solum
751 2674 848 2699 autem
867 2673 936 2700 haec
959 2672 1005 2700 in-

1680 247 1744 281 197

1034 307 1217 348 falsitatum,
1234 318 1299 341 non
1313 307 1417 341 solum
1433 306 1673 340 interdicendae
1688 312 1773 347 sunt,

1034 361 1088 393 sed
1102 361 1197 393 etiam
1211 360 1339 404 penitus
1353 360 1557 400 auferendae,
1577 365 1674 403 atque
1687 359 1773 402 igni-

1033 413 1093 447 bus
1113 414 1380 447 concremandae.
1409 414 1559 454 Quamvis
1575 414 1585 430 ⁷
1606 413 1690 447 enirn
1713 413 1776 446 sint

1034 466 1065 499 in
1092 467 1153 500 illis
1178 468 1349 511 quaedam,
1377 478 1460 511 quae
1484 467 1654 500 videantur
1671 467 1682 483 ⁸
1702 477 1775 511 spe-

1034 520 1116 553 eiem
1147 521 1266 554 habere
1296 520 1437 564 pietatis,
1469 531 1636 565 nunquam
1669 527 1775 554 tamen

1034 584 1134 607 vacua
1165 579 1240 607 sunt
1263 573 1415 614 venenis;
1445 579 1476 607 et
1505 585 1563 618 per
1595 574 1776 608 fabularum

1034 627 1202 661 illecebras
1223 627 1284 660 hoc
1304 628 1440 660 latenter
1457 633 1644 671 operantur,
1664 633 1699 660 ut
1718 626 1778 659 mi-

1034 681 1185 714 rabilium
1204 680 1391 714 narratione
1405 681 1554 713 seductos
1574 680 1697 724 laqueis
1723 691 1777 713 cu-

1034 735 1226 779 iuscumque
1251 734 1370 768 erroris
1395 733 1558 767 involvant
1587 735 1609 766 ²³.
1636 734 1726 767 Unde
1751 733 1776 766 si

1034 789 1105 833 quis
1130 789 1358 833 episcoporum
1379 788 1428 821 vel
1455 787 1639 831 apocrypha
1664 787 1776 820 haberi

1033 853 1099 876 non
1111 842 1327 887 prohibuerit,
1344 841 1393 874 vel
1403 840 1426 858 ¹⁰
1439 841 1669 874 canonicorum
1689 839 1777 874 codi-

1035 907 1107 930 cum
1124 896 1258 929 nomine
1272 906 1326 929 eos
1337 895 1439 928 libros
1456 894 1488 927 in
1506 894 1647 928 Ecclesia
1658 893 1778 938 permi-

1033 950 1111 983 serit
1130 949 1205 991 legi,
1226 948 1281 993 qui
1299 948 1491 982 priscilliani
1507 953 1582 981 sunt
1598 947 1779 981 adulterina

1035 1003 1262 1037 emendatione
1274 1002 1387 1043 vitiati,
1399 1001 1597 1035 haereticum
1608 1011 1641 1034 se
1654 1000 1780 1034 noverit

1035 1055 1302 1090 iudicandumfl:
1325 1055 1497 1099 quoniam,
1524 1054 1580 1098 qui
1604 1052 1719 1087 alios¹²
1740 1053 1779 1086 ab

1036 1121 1147 1145 errore
1171 1121 1237 1144 non
1261 1115 1401 1150 revocat,
1422 1119 1455 1143 se
1473 1109 1579 1153 ipsum
1600 1118 1709 1142 errare
1730 1108 1782 1141 de-

1037 1170 1197 1198 monstrat
1210 1163 1243 1197 ¹³.

1080 1219 1152 1253 CAP.
1169 1218 1207 1252 Il.
1229 1217 1360 1260 Legitur
1374 1222 1481 1250 autem
1503 1216 1608 1250 omnis
1621 1215 1782 1259 scriptura

1037 1273 1145 1307 divina
1169 1271 1272 1306 sancti
1298 1271 1436 1306 Canonis
1456 1270 1495 1304 ab
1516 1270 1607 1304 initio
1628 1269 1703 1303 anni
1727 1280 1782 1303 us-

1038 1338 1100 1372 que
1125 1326 1165 1359 ad
1191 1326 1289 1359 finem
1317 1325 1350 1358 in
1378 1324 1520 1358 Ecclesia
1551 1324 1582 1358 S.
1610 1324 1695 1357 Petri
1720 1323 1782 1357 hoc

1038 1380 1163 1414 ordine.
1180 1380 1340 1423 Tempore
1351 1378 1444 1420 veris,
1460 1378 1523 1411 hoe
1543 1383 1591 1412 est
1606 1387 1650 1411 vn
1669 1377 1782 1411 diebus

1038 1439 1112 1467 ante
1145 1433 1273 1466 initium
1305 1431 1578 1475 Quadragesimae
1609 1441 1713 1475 usque
1741 1431 1781 1463 ad

1039 1494 1183 1522 octavam
1223 1487 1309 1521 diem
1348 1492 1421 1521 ante
1458 1487 1591 1528 Pascha,
1632 1487 1783 1528 leguntur

1039 1541 1182 1585 quinque
1206 1540 1281 1574 libri
1306 1540 1434 1585 Moysis,
1459 1551 1532 1573 cum
1553 1541 1623 1574 lesu
1643 1540 1727 1573 Nave
1752 1544 1783 1573 et

1038 1595 1196 1629 Indicum.
1224 1595 1261 1628 Et
1285 1605 1330 1628 vn
1361 1593 1429 1628 dies
1454 1599 1528 1627 ante
1555 1593 1677 1627 Pascha
1701 1593 1783 1626 liber

1039 1648 1138 1682 Isaiae
1163 1648 1362 1692 prophetae,
1396 1647 1484 1681 unde
1520 1647 1559 1680 ad
1597 1646 1780 1691 passionem

1040 1775 1207 1804 terdicenda
1222 1777 1299 1808 sunt,
1311 1774 1358 1801 sed
1373 1774 1461 1801 etiam
1474 1773 1591 1808 penitus
1612 1771 1781 1807 auferenda,

1039 1823 1123 1855 atque
1138 1819 1256 1854 ionibus
1275 1819 1500 1846 concremanda.

1075 1865 1090 1891 7
1103 1863 1184 1895 Quid.
1200 1863 1278 1891 codd.
1298 1863 1373 1896 Quia
1389 1863 1522 1898 quamvis
1537 1863 1607 1890 sint.

1074 1910 1091 1936 8
1111 1909 1150 1936 ΑΙ.
1168 1909 1315 1936 videntur.

1075 1954 1091 1980 9
1107 1953 1171 1981 Cod.
1193 1954 1293 1987 Palat.,
1310 1952 1352 1979 cui
1373 1951 1490 1980 concinit
1505 1956 1531 1979 et
1542 1952 1624 1979 Leon.
1642 1952 1705 1980 edit.
1719 1956 1782 1985 ret..

1040 2003 1066 2025 et
1081 2007 1144 2025 mss.
1162 1997 1297 2025 Hei-evall.
1315 1997 1354 2024 sic
1368 1997 1464 2024 habet:
1480 2000 1511 2025 ut
1527 1998 1704 2024 mirabilium
1714 2007 1784 2024 nar-

1039 2045 1187 2071 rationum
1201 2043 1313 2070 seducti
1324 2042 1431 2076 quique
1452 2042 1658 2076 admiratione,
1675 2042 1784 2076 laqueis

1039 2089 1244 2122 cuiuscumque
1254 2087 1567 2121 errorisimplicentur.
1581 2086 1707 2113 Vallicell.
1725 2087 1785 2113 1100

1040 2135 1208 2168 loquuntur,
1227 2132 1303 2167 quod
1323 2134 1491 2166 operantur,
1513 2134 1544 2158 ut
1557 2131 1699 2166 simplices
1714 2140 1785 2166 quo-

1039 2187 1092 2213 que
1115 2177 1304 2205 mirabilium
1327 2177 1499 2204 narratione
1522 2176 1652 2210 seducti,
1674 2176 1784 2211 laqueis

1040 2222 1245 2256 cuiuscumque
1261 2221 1373 2248 erroris
1388 2220 1585 2255 implicentm·.

1075 2266 1110 2293 10
1129 2265 1206 2297 Quid.
1224 2264 1302 2292 codd.
1323 2264 1415 2291 delent
1428 2265 1481 2291 vel.

1076 2312 1105 2338 11
1125 2311 1167 2337 Α1.
1190 2310 1268 2337 codd.
1292 2311 1331 2337 vet
1346 2319 1391 2336 eos
1407 2310 1501 2342 libros,
1519 2310 1570 2344 qui
1584 2309 1620 2336 ab
1636 2309 1784 2338 haereticis

1040 2356 1137 2384 viciati
1151 2358 1226 2390 sunt,
1244 2355 1274 2382 in
1291 2355 1417 2382 Ecclesia
1431 2354 1602 2389 permiserit
1627 2354 1694 2388 leyi,
1715 2355 1783 2381 hac-

1040 2402 1160 2430 reticum
1181 2409 1208 2429 se
1223 2401 1334 2428 noverit

1077 2447 1108 2473 12
1129 2447 1185 2473 Duo
1202 2445 1280 2473 codd.
1298 2446 1402 2473 alium.

1074 2492 1108 2519 13
1123 2491 1268 2526 Hucusque
1279 2498 1309 2517 ex
1322 2490 1403 2517 Leon.
1425 2490 1502 2526 epist.
1519 2497 1553 2516 xv
1568 2489 1600 2516 ad
1617 2489 1782 2516 Turribinm.

1039 2537 1111 2568 Quae
1131 2540 1257 2571 sequunt.
1286 2543 1371 2570 usque
1391 2534 1424 2561 ad
1450 2543 1529 2562 voces
1547 2535 1692 2561 Tractatus
1723 2542 1784 2560 vero

1039 2590 1108 2608 unus
1137 2580 1219 2607 Palat.
1249 2580 1308 2607 cod.
1335 2580 1419 2607 refert
1436 2582 1455 2614 ‚⁴
1468 2579 1645 2614 ordinemque
1678 2587 1779 2605 saci-ar.

1039 2627 1186 2654 lectionum
1208 2626 1284 2652 110111.
1305 2625 1442 2652 Ecclesiae
1463 2633 1493 2651 ex
1510 2623 1645 2658 omnibus,
1662 2623 1783 2658 quiediti

1038 2675 1112 2707 sunt,
1132 2670 1343 2698 vetustissimum
1364 2669 1493 2697 exhibere
1513 2669 1629 2696 videtur.

1788 257 1857 290 ‚Ain
1879 256 1906 284 C.
1924 256 1974 283 >1115

1828 478 1910 498 Etenim
1930 478 1977 498 reti-

1791 506 1848 534 gioni
1866 505 1975 526 infestissi-

1791 538 1826 552 mi.

1807 797 1880 821 Quisis
1895 797 1977 822 episco-

1792 829 1831 849 pus
1843 829 1878 844 eos
1891 824 1977 849 permit-

1793 853 1837 870 tens
1870 852 1977 875 tamqnam

1792 876 1913 897 haereticus
1925 876 1979 897 iudi-

1793 904 1885 927 caudu53

1817 1061 1868 1082 Nam
1884 1061 1936 1082 alios
1952 1061 1978 1081 ab

1796 1094 1866 1109 errore
1887 1094 1928 1108 non
1947 1093 1980 1108 re-

1795 1121 1872 1136 xocans
1881 1121 1903 1135 se
1912 1115 1979 1140 ipsum

1796 1148 1867 1163 errare
1895 1141 1980 1162 demon-

1795 1171 1854 1190 strat.

1824 1328 1939 1350 §acrarum
1954 1328 1982 1348 le·

1797 1356 1891 1376 ctionum
1906 1354 1966 1375 ordo.
