2244 3183
478 231 520 265 66

447 289 642 331 cerdotibus,
668 295 762 334 atque
780 290 928 324 Ecclesiis
944 291 1182 334 publicandam:

447 350 481 377 ut
508 343 675 388 pacificato
700 354 758 387 per
787 354 883 377 unam
902 344 998 377 sidem
1022 345 1142 378 mundo
1163 344 1182 386 ¹,

446 396 633 441 possimus³
656 407 767 431 omnes
800 397 906 431 dicere
935 398 1021 442 quod
1054 399 1182 441 Angeli,

446 456 522 484 nato
543 451 581 484 de
604 451 700 484 Maria
721 452 849 494 Virgine
869 452 1041 493 Salvatore‚
1063 453 1186 486 cecine-

447 510 539 537 runt:
574 504 687 538 Gloria
715 507 749 538 in
770 505 900 539 e-vcelsis
915 506 987 547 Deo,
1003 507 1078 539 etin
1101 511 1185 539 terra

443 569 511 601 pax
528 558 715 591 hominibus
736 559 835 592 bonae
860 560 1064 594 voluntatis³.

491 610 562 644 CAP.
591 611 627 645 ΙΙ.
652 611 732 651 Quia
754 623 828 646 vero
849 619 877 646 et
896 624 965 655 nos,
982 619 1012 647 et
1032 614 1114 648 beati
1129 626 1185 658 pa-

284 676 346 696 cum
361 678 431 696 amem
448 670 511 697 tres
532 665 643 707 nostri,
672 677 809 710 quorum
837 667 1015 701 doctrinam
1037 674 1065 701 et
1086 679 1185 702 rene-

248 705 431 754 iffs‘'‹‘ifi²2¹1⁰ss’rss¹s¹222
448 728 559 751 ramur
583 725 613 751 et
633 720 810 763 sequimur,
840 721 870 753 in
895 721 990 755 unius
1011 722 1084 755 fidei
1104 733 1182 755 con-

248 755 431 811 2¹3221'3'Q‘Tffi‘lfif
448 771 558 804 cordia
593 783 724 814 sumus,
764 774 845 807 sicut
875 775 1113 818 provinciarum
1150 787 1184 809 o-

248 808 432 856 iii‘i-i'fiii'iusrfdffi
447 824 569 857 mnium
591 831 809 869 protestantur
835 828 1001 870 antistites,
1032 834 1105 871 agat
1125 830 1187 863 cle-

449 878 585 912 mentiae
620 886 743 914 vestrae
775 881 980 914 devotissima
1015 882 1113 923 fides,
1153 889 1186 916 ut

448 933 690 976 quamprimum
726 935 765 968 ad
802 945 860 968 nos
888 935 1183 980 Constantinopoli-

448 987 512 1020 tani
532 988 692 1032 Episcopi,
708 989 815 1032 qualia
835 989 954 1023 debent
971 989 992 1030 ⁴,
1016 990 1142 1034 probati
1157 996 1185 1023 et

448 1041 595 1075 catholici
627 1042 802 1076 sacerdotis
830 1043 949 1087 scripta
978 1044 1182 1088 perveniant,

447 1100 557 1138 aperte
574 1095 695 1129 scilicet
714 1102 808 1140 atque
823 1097 963 1131 dilucide
982 1098 992 1113 ⁵
1008 1104 1186 1142 protestan-

449 1148 490 1181 tia
508 1148 529 1189 ⁶,
554 1149 641 1192 quod
658 1149 684 1183 si
709 1150 780 1193 quis
798 1151 836 1183 de
860 1151 1083 1185 Incarnatione
1093 1152 1186 1185 Verbi

446 1202 501 1235 Dei
515 1202 602 1236 aliud
619 1203 740 1247 aliquid
754 1205 864 1238 credat
877 1211 931 1238 aut
943 1212 1074 1246 asserat,
1090 1217 1185 1250 quam

447 1254 685 1289 Catholicorum
705 1257 849 1290 omnium
875 1263 906 1291 et
930 1269 1001 1291 mea
1031 1259 1186 1302 professio

447 1314 655 1352 protestatur,
680 1310 765 1343 hunc
783 1321 801 1344 a
820 1322 877 1344 sua
897 1312 1125 1345 communione
1139 1323 1184 1345 se-

448 1367 567 1403 cernat,
588 1369 623 1396 ut
643 1363 670 1396 ei
685 1364 861 1397 fraternam
882 1365 914 1397 in
932 1365 1054 1398 Christo
1076 1365 1162 1398 chari
1171 1386 1183 1390 --

449 1421 545 1449 tatem
572 1416 687 1450 merito
712 1418 874 1461 possimus
899 1418 1087 1462 impendere
1106 1419 1125 1452 ⁷.
1150 1420 1188 1453 Ut

449 1475 556 1503 autem
581 1470 764 1504 salubribus
795 1472 879 1505 curis
910 1472 920 1488 ὃ
943 1472 1085 1506 velocior
1113 1473 1184 1516 ple-

448 1522 596 1566 niorque,
621 1523 792 1557 auxiliante
819 1525 967 1565 Domino,
984 1536 1041 1569 per
1065 1532 1186 1560 vestrae

448 1575 637 1610 clementiae
655 1577 751 1610 sidem
771 1584 954 1621 praestetur
979 1580 1118 1621 effectus,
1147 1581 1186 1613 ad

447 1629 599 1673 pietatem
620 1636 757 1664 vestram
783 1632 909 1673 fratres,
927 1638 958 1666 et
978 1634 1186 1678 coepiscopos

447 1693 536 1716 meos
555 1683 566 1699 ⁹
586 1683 770 1717 Abundium
788 1682 820 1725 ¹0,
844 1691 875 1718 et
900 1686 1058 1719 Asterium
1076 1684 1106 1727 ¹¹,
1130 1687 1185 1720 sed

448 1742 478 1769 et
498 1737 668 1779 Basilium,
690 1743 721 1771 et
748 1738 934 1771 Senatorem
962 1740 1182 1784 presbyteros,

447 1801 586 1834 quorum
611 1791 690 1824 mihi
716 1792 842 1826 devotio
875 1798 922 1826 cst
949 1793 1106 1837 probata,
1131 1794 1182 1827 di-

447 1844 525 1885 rexi,
549 1855 607 1888 per
627 1856 723 1889 quos,
752 1856 834 1890 quae
860 1851 989 1879 nostrae
1020 1847 1121 1880 forma
1146 1847 1184 1880 sit

448 1896 562 1938 fideiffl,
587 1898 797 1932 manifestatis
817 1899 1093 1941 instructionibus,
1107 1911 1185 1944 quas

449 1950 605 1993 misimus,
633 1952 759 1996 possitis
785 1953 954 1996 dignanter
986 1964 1180 1997 agnoscere:

249 243 298 269 An.
320 240 348 268 C.
364 241 416 269 450

275 1501 334 1525 Quod
350 1503 373 1521 ut
388 1501 432 1527 ple-

250 1528 296 1549 nius
309 1528 349 1552 fiat,
361 1533 385 1548 ac
398 1534 431 1548 ce-

247 1555 318 1578 tei-ius,
329 1560 366 1580 per
375 1555 432 1580 lega-

248 1583 280 1601 tos
295 1581 343 1602 fidei
357 1581 432 1602 sormu-

247 1607 290 1629 lam
307 1607 379 1629 tradit.

486 2051 496 2076 1
520 2061 531 2074 α
547 2049 633 2077 Grim.
655 2050 715 2077 cod.
731 2050 804 2078 delet
821 2051 927 2079 ‘mundo
945 2061 969 2078 n.
991 2051 1069 2079 Caec.
1090 2052 1107 2079 l.
1125 2061 1147 2079 c.

483 2094 500 2119 2
516 2104 528 2120 α
544 2094 608 2122 Cod.
625 2095 729 2131 Ratisp.
746 2096 858 2130 possint
875 2106 898 2123 n.
920 2096 1045 2123 Ballerin.
1066 2097 1083 2123 l.
1107 2105 1130 2124 c.

483 2138 500 2165 3
514 2139 578 2166 Luc.
598 2146 628 2173 Π,
646 2139 688 2166 14.

483 2184 499 2210 4
518 2184 578 2211 «Al.
596 2184 956 2213 debentumfftatlerin.Le.
970 2186 1050 2213 Recte
1066 2186 1184 2221 quidem.

482 2224 499 2250 5
516 2225 636 2252 Cacciar.
658 2233 718 2252 cum
738 2225 772 2252 al.
796 2226 899 2253 lucide.

483 2268 499 2295 6
518 2280 530 2293 ‹<
545 2268 584 2295 ΑΙ.
598 2270 786 2304 protestantis
803 2280 827 2297 i).
848 2269 973 2297 Ballerin.
989 2271 1007 2297 l.
1026 2279 1049 2297 c.

484 2313 497 2339 7
519 2324 530 2338 u
551 2312 607 2340 Vat.
628 2313 681 2341 630
695 2316 726 2342 ut
745 2314 806 2341 etus
832 2315 994 2349 fraternam
1020 2315 1053 2342 >in
1075 2315 1186 2342 Christo

448 2357 620 2386 charitatem
635 2360 739 2388 merito
752 2359 897 2394 possimus
916 2361 1066 2388 intendere
1082 2371 1103 2386 n.
1120 2360 1184 2387 Cac-

448 2397 512 2424 ciar.
533 2398 550 2424 l.
573 2407 596 2425 c.
614 2399 708 2434 Aptius
723 2399 756 2426 ad
771 2403 838 2426 orat.
855 2403 1007 2428 contextum
1021 2409 1048 2427 n.
1061 2400 1149 2427 lectio.

482 2444 497 2470 8
521 2453 533 2467 α
549 2443 588 2470 At.
609 2445 786 2472 salutaribus
815 2445 1050 2480 dispositionibus
1064 2455 1086 2472 ›>.
1118 2445 1184 2472 Cac-

447 2484 510 2512 ciar.
532 2484 550 2510 l.
571 2492 594 2511 c.

482 2528 499 2554 9
520 2538 532 2554 α
545 2529 588 2555 ΑΙ.
605 2531 716 2557 nostros
732 2538 756 2555 ν.
778 2529 902 2556 Ballerin.
919 2533 945 2556 et
965 2529 1082 2557 Cacciar.
1100 2529 1127 2556 tl.
1145 2538 1183 2556 cc.

483 2569 516 2595 10
526 2578 537 2594 «
546 2568 585 2595 At.
594 2577 735 2605 perperam
742 2569 921 2597 Sabnnrit‘um
932 2570 971 2596 vel
981 2570 1169 2597 Sabitldium»
1177 2590 1184 2596 .

402 2620 422 2639 ο
447 2608 572 2636 Ballerin.
594 2609 611 2635 l.
630 2618 654 2637 c.

482 2651 511 2675 11
532 2659 543 2675 ι
557 2649 597 2676 ΑΙ,
615 2650 775 2685 Etherimn,
793 2653 837 2678 aut
853 2651 1009 2679 Herium».
1020 2650 1114 2677 Ballcr.
1130 2650 1145 2676 1,
1160 2658 1182 2676 ο.

972 243 1132 267 APPENDtx
1152 244 1302 268 BULLAntt
1323 244 1443 269 ROMANI

1992 244 2042 272 An.
2058 244 2086 272 C.
2106 241 2160 274 450

1222 298 1251 324 ut
1267 292 1290 325 si
1305 292 1672 336 Constantinopolitanus
1684 293 1820 327 Antistes
1831 293 1862 326 in
1873 303 1959 326 eam-

1221 345 1293 378 dem
1314 346 1547 379 consessionem
1574 351 1639 379 toto
1661 346 1757 380 corde
1777 346 1955 386 consentit,

1220 399 1342 439 securi,
1366 405 1400 432 ut
1429 400 1562 441 dignum
1591 406 1651 440 est,
1676 400 1715 433 de
1747 400 1960 434 ecclesiastica

1220 463 1297 496 pace
1327 454 1502 494 laetemur,
1534 464 1639 498 neque
1667 454 1790 498 aliquid
1819 454 1959 488 residere

1220 506 1363 539 rideatur
1383 507 1593 549 ambiguum,
1628 508 1714 540 unde
1745 507 1917 551 superfluis
1938 506 1960 524 ¹⁸

1221 560 1350 593 forsitan
1393 560 1629 603 suspicionibus
1673 561 1868 594 laboremus.
1905 560 1957 594 Sin

1221 624 1294 646 vero
1314 613 1413 658 aliqui
1431 624 1448 646 a
1469 613 1606 657 puritate
1626 619 1754 647 nostrae
1775 613 1850 647 fidei
1864 620 1959 658 atque

1221 673 1346 710 patrum
1380 668 1570 701 auctoritate
1607 667 1816 709 dissentiunt,
1846 667 1956 701 conci-

1221 721 1298 753 lium
1320 720 1499 754 universale
1525 721 1607 754 intra
1633 721 1755 754 ltaliam
1772 748 1779 762 ,
1803 721 1886 754 sicut
1908 732 1958 766 sy·
1988 729 2159 777 pursuxprexorpt

1221 774 1343 815 nodus,
1372 785 1454 818 quae
1485 775 1525 808 ob
1557 775 1641 808 hanc
1670 785 1814 808 caussam
1839 775 1959 808 Romae
1974 761 2159 804 ῗιαιῗῗῃῗῦὖῖἷῖιῖῗ

1221 833 1432 869 convenerat,
1458 839 1584 862 mecum
1616 828 1708 872 petiit
1721 827 1762 869 Μ,
1790 828 1961 862 clementia

1222 887 1323 914 restra
1343 882 1512 922 concedat;
1529 882 1608 915 utin
1622 892 1722 915 unum
1746 881 1961 915 convenienti-

1222 935 1279 968 bus
1294 935 1443 968 omnibus
1454 934 1473 951 ¹⁵
1486 935 1544 976 liis,
1557 935 1611 979 qui
1632 941 1687 968 aut
1700 935 1891 978 ignorantia,
1906 941 1960 968 aut

1223 987 1521 1033 ter1·0re¹'³prolapsi
1535 995 1619 1029 sunt,
1630 989 1838 1022 correctionis
1857 999 1961 1022 reme-

1222 1042 1281 1075 diis
1302 1043 1504 1083 consulatur,
1527 1053 1587 1076 nec
1607 1041 1627 1060 ¹⁷
1646 1043 1796 1087 cuiquam
1816 1043 1900 1076 ultra
1922 1043 1962 1076 sit

1222 1097 1358 1130 liberum
1381 1097 1422 1129 ita
1445 1096 1602 1130 Nicaenae
1623 1096 1736 1140 synodi
1754 1097 1858 1130 facere
1873 1107 1962 1130 men-

1223 1150 1353 1192 tionem,
1370 1151 1482 1183 uteius
1504 1150 1682 1184 inveniatur
1699 1161 1767 1184 esse
1788 1150 1862 1184 fidei
1883 1162 1960 1184 con-

1223 1204 1356 1237 trarius:
1379 1203 1532 1247 quoniam
1553 1209 1584 1236 et
1603 1204 1771 1237 universae
1801 1204 1960 1238 Ecclesiae

1223 1263 1253 1290 et
1272 1264 1378 1290 vestro
1403 1257 1464 1290 hoc
1496 1257 1632 1301 imperio
1661 1258 1867 1302 profuturum
1892 1263 1956 1298 est,
1984 1261 2161 1315 [ggiuggffisdggj

1222 1311 1246 1343 si
1268 1321 1350 1344 unus
1370 1311 1462 1351 Deus,
1490 1321 1554 1343 una
1574 1310 1664 1351 fides,
1692 1317 1722 1344 et
1741 1310 1762 1328 ¹⁸
1782 1321 1883 1344 unum
1904 1321 1957 1344 sa-
1975 1294 2160 1368 iffissffiffl⁰d²⁵²⁰²

1222 1370 1423 1397 crumentum
1452 1364 1562 1397 salutis
1590 1364 1750 1397 humanae
1775 1375 1840 1397 una
1865 1363 1961 1398 totius
2066 1357 2072 1363 ’

1222 1417 1333 1450 mundi
1355 1415 1588 1451 consessione19
1610 1423 1765 1450 teneatur.

1261 1471 1337 1504 Data
1346 1470 1612 1515 decimoseptimo
1619 1468 1643 1487 ²⁰
1651 1471 1803 1504 kalendas
1813 1470 1957 1514 Augusti,

1222 1523 1443 1556 Valentiniano
1461 1523 1588 1567 septies,
1603 1528 1633 1556 et
1649 1523 1769 1557 Avieno
1794 1523 1869 1557 viris
1895 1523 1960 1557 cla-

1221 1576 1354 1610 rissimis
1375 1577 1571 1610 consulibus.

1258 1630 1314 1657 Dat.
1336 1630 1379 1658 die
1396 1630 1428 1657 16
1444 1630 1512 1666 tulii,
1529 1639 1571 1658 an.
1590 1631 1650 1658 450.

1441 1765 1623 1799 EPISTOLA
1644 1765 1694 1798 XL
1702 1763 1734 1797 ²¹.

1220 1846 1272 1879 Act
1290 1846 1504 1879 Pulcheriam
1526 1845 1563 1878 cle
1582 1845 1735 1879 Anatolii
1754 1844 1960 1878 ordinatione

1263 1900 1411 1940 scribens,
1438 1899 1516 1942 fidei
1550 1899 1728 1942 formulam
1750 1910 1808 1943 per
1840 1899 1959 1942 leyatos

1263 1954 1395 1986 missam
1421 1954 1543 1993 imzuit,
1571 1953 1624 1986 cui
1643 1953 1748 1996 siqui
1766 1956 1956 1997 repuyncnt,

1254 2061 1288 2088 42
1310 2070 1321 2085 ‹<
1338 2061 1401 2089 Cod.
1418 2061 1500 2088 Grim.
1518 2070 1592 2096 quae
1606 2064 1705 2090 nostra
1720 2061 1786 2096 fides
1799 2072 1820 2087 n.
1832 2059 1956 2088 Ballerin.

1221 2101 1247 2124 et
1266 2097 1383 2123 Caeciar.
1405 2097 1431 2123 lt.
1449 2106 1488 2124 cc.

1256 2137 1288 2164 13
1308 2147 1319 2161 α
1339 2136 1408 2164 Edit.
1432 2140 1493 2164 aute
1509 2137 1646 2168 Quesnell.
1661 2140 1687 2164 et
1704 2137 1772 2172 plur.
1794 2144 1857 2163 mss.
1880 2138 1910 2162 ut
1925 2135 1958 2162 de

1220 2173 1374 2235 fggpgfluis
1385 2182 1408 2198 2.
1420 2172 1543 2199 Ballerin.
1556 2173 1573 2199 Ι.
1591 2182 1614 2200 c.
1629 2173 1733 2207 Melius,
1746 2172 1784 2199 uti
1802 2171 1915 2206 videtur,
1932 2179 1956 2198 n-

1260 2249 1289 2274 14
1311 2257 1321 2273 ι
1340 2247 1379 2274 ΑΙ.
1390 2248 1461 2283 petit
1471 2258 1494 2275 n.
1507 2248 1625 2276 Cacciar.
1638 2257 1699 2284 pag.
1711 2246 1956 2275 234.F0rten1end.

1222 2283 1378 2319 typograpli.

1258 2325 1288 2351 15
1306 2334 1316 2348 α
1332 2324 1370 2349 ΑΙ,
1389 2324 1474 2350 omitt.
1492 2325 1624 2352 omnibus
1640 2333 1664 2351 ι.
1677 2323 1801 2351 Ballerin.
1814 2322 1864 2350 col.
1879 2321 1956 2350 1008.

1258 2364 1288 2390 16
1309 2374 1320 2389 «
1338 2364 1377 2390 At.
1399 2373 1497 2392 errore
1515 2374 1538 2390 ι).
1555 2364 1680 2391 Ballerin.
1701 2364 1718 2391 l.
1741 2373 1764 2391 c.
1783 2363 1862 2391 Forte
1878 2363 1956 2390 male.

1257 2405 1286 2431 17
1306 2415 1316 2429 α
1333 2405 1373 2431 Al.
1394 2413 1429 2430 ne
1448 2415 1470 2430 ».
1492 2404 1588 2431 Baller.
1610 2404 1626 2431 l.
1645 2413 1668 2431 c.

1257 2445 1288 2471 18
1305 2456 1316 2469 «
1334 2444 1374 2471 ΑΙ.
1396 2444 1525 2472 detentet
1543 2454 1566 2471 n.
1583 2444 1708 2472 Ballerin.
1729 2443 1748 2471 l.
1769 2452 1793 2471 c.

1255 2485 1288 2511 19
1311 2496 1323 2509 «
1339 2484 1438 2519 Ratisp.
1466 2484 1526 2512 cod.
1548 2485 1685 2520 confessio
1703 2494 1725 2511 v.
1746 2483 1871 2510 Ballerin.
1893 2483 1908 2510 l.
1931 2491 1955 2510 c.

1219 2524 1293 2551 Tunc
1308 2533 1370 2552 vero
1385 2524 1437 2551 alia
1451 2525 1582 2551 utendum
1597 2523 1823 2560 interpunctione-

1254 2564 1288 2591 ΞΟ
1303 2564 1421 2591 Caeciar.
1449 2573 1511 2591 cum
1531 2565 1565 2592 al.
1587 2565 1697 2592 decimo
1716 2566 1804 2592 sexto.
1829 2563 1894 2591 Jaffe
1911 2571 1954 2598 op.

1219 2609 1263 2636 cit.
1280 2609 1420 2636 nobiscum
1435 2609 1571 2636 cohaeret.

1254 2649 1283 2676 ‘³21
1304 2649 1339 2675 Ex
1352 2649 1415 2676 edit.
1427 2649 1482 2676 Bal.
1496 2650 1565 2685 Opp.
1577 2650 1607 2677 S.
1625 2649 1726 2677 Leonis
1740 2652 1760 2676 t.
1772 2656 1792 2683 1,
1809 2647 1859 2675 col.
1877 2647 1955 2675 1009.
