2244 3183
76 239 125 266 An.
146 237 173 264 C.
191 236 243 263 450

127 565 169 586 Sea
192 565 259 590 ipsum

76 592 259 621 tautnnunmlosu-

75 620 147 640 sanun
169 624 259 644 genera-

75 646 159 669 tionem,

128 1044 150 1065 ln
175 1043 258 1064 Christo

77 1071 147 1097 passio
169 1071 260 1096 explica-

77 1101 116 1119 tur.

128 1896 171 1926 Χνς
181 1902 221 1916 non
233 1901 265 1916 re·

84 1925 194 1944 turt‘eclto.

926 236 950 257 s.
972 235 1028 257 Leo

275 284 373 316 lutem
396 288 543 315 naturam
559 282 618 315 sibi
641 281 800 326 copulavit
826 281 1013 322 humanam,

275 341 306 370 et
329 337 486 381 processit
512 347 549 369 ex
578 336 729 376 muliere,
758 334 879 368 idcirco
901 335 1027 374 dicitur,

274 396 367 424 natus
392 401 459 424 esse
473 390 655 423 carnaliter.
679 389 788 432 Neque
809 388 894 421 enim
908 387 1036 432 prius-¹¹

274 451 368 478 natus
382 450 429 477 est
450 444 547 477 homo
570 442 753 476 communis
770 442 809 475 de
827 447 936 475 sancta
950 441 1018 474 Vir-

274 498 358 541 gine,
383 503 413 530 et
435 503 510 530 tune
525 497 655 529 demum
666 495 819 528 habitavit
836 495 867 527 in
886 505 923 528 eo
935 495 1014 528 Vera

275 552 372 592 bum;
396 552 451 585 sed
476 551 508 584 in
534 551 603 594 ipsa
626 550 718 583 vulva
739 555 897 593 uteroque
922 549 1017 591 virgi-

274 605 339 637 nali
367 615 401 638 se
432 616 505 638 cum
534 615 630 637 carne
655 603 821 637 coniunxit
841 603 852 619 '²
872 608 902 635 et
921 602 1017 635 susti-

273 658 343 691 nuit
363 658 605 701 generationem
626 657 800 697 carnalem,
824 656 928 690 carnis
942 666 1018 690 suae

273 712 472 745 nativitatem
500 711 619 744 faciens
647 722 749 745 suam.
780 710 831 745 Sic
852 711 942 744 illum
965 711 1015 743 di-

274 766 376 799 cimus
397 772 427 799 et
446 776 575 810 passum
592 776 660 799 esse
672 771 702 798 et
715 764 939 805 resurrexisse,
952 774 1017 797 non

274 819 349 863 quia
368 819 452 853 Deus
472 819 614 852 Verbum
634 819 665 852 in
690 829 748 852 sua
769 824 886 852 natura
906 829 1018 862 passus

274 872 513 915 sitautptagas,
530 878 585 905 aut
602 873 764 905 clavorum
782 871 1015 912 transfixiones,

275 932 329 959 aut
359 926 422 959 alia
452 927 607 960 vulnera³
628 927 722 971 (Deus
743 936 884 969 namque
905 925 1016 958 incor-

274 979 395 1024 poralis
424 985 511 1013 extra
539 980 721 1024 passionem
749 979 828 1022 est);
860 979 915 1012 sed
944 978 1019 1022 quia

275 1043 392 1077 corpus
423 1033 514 1073 illud,
543 1034 629 1077 quod
650 1033 756 1077 ipsum
778 1032 946 1077 proprium
976 1033 1020 1064 sa-

275 1092 361 1120 ctum
391 1092 449 1126 cst,
485 1096 614 1130 passum
636 1092 693 1125 est,
718 1085 790 1119 ideo
808 1085 887 1118 haec
911 1084 1019 1118 omnia

275 1151 334 1184 pro
348 1139 441 1173 nobis
461 1139 528 1183 ipse
541 1139 660 1172 dicitur
674 1150 795 1184 passus.
813 1139 919 1172 Inerat
933 1139 1019 1172 enim

275 1193 306 1226 in
339 1203 376 1226 eo
401 1203 550 1237 corpore,
582 1193 669 1236 quod
695 1192 891 1236 patiebatur,
922 1193 1017 1234 Deus,

277 1246 331 1290 qui
346 1246 411 1290 pati
426 1256 491 1279 non
505 1251 642 1290 poterat.
659 1245 762 1279 Simili
777 1246 874 1279 modo
889 1251 918 1279 et
936 1257 1020 1279 mor-

278 1306 341 1333 tem
367 1299 466 1344 ipsius
482 1299 704 1341 intelligimus,
728 1299 914 1332 Immortale
935 1299 1019 1332 enim

277 1359 307 1387 et
332 1353 579 1397 incorruptibile
605 1358 651 1385 est
676 1348 875 1393 naturaliter,
894 1359 922 1386 et
944 1353 1017 1394 vita,

278 1413 307 1440 ct
322 1407 485 1440 vivificans
497 1407 551 1440 Dei
567 1407 719 1440 Verbum.
737 1407 798 1440 Sed
812 1407 1022 1451 quialcorpus

279 1461 378 1505 ipsius
402 1460 583 1505 proprium,
611 1461 720 1503 qratia
738 1461 809 1499 Dei,
828 1460 913 1493 iuxta
932 1461 1022 1493 Pauli

279 1525 409 1555 vocem,
437 1525 499 1558 pro
521 1513 669 1547 omniLus
692 1518 822 1546 mortem
844 1514 1019 1557 qustumffl,

281 1568 401 1602 idcirco
428 1568 495 1612 ipse
516 1567 635 1601 dicitur
652 1573 790 1601 mortem
817 1578 933 1611 passus
961 1578 1024 1601 esse

277 1633 337 1666 pro
357 1622 459 1655 nohis.
481 1622 549 1655 Non
571 1622 658 1666 quod
679 1621 746 1666 ipse
760 1622 769 1636 ⁷¹
791 1627 928 1654 mortem
942 1628 1022 1655 esset

280 1682 441 1721 expertus,
459 1682 616 1721 quantum
627 1677 664 1710 ad
681 1676 780 1720 ipsius
790 1682 938 1710 naturam
948 1687 1023 1721 per-

283 1732 375 1771 tinetj,
390 1731 514 1764 insania
531 1737 577 1764 est
595 1730 679 1764 enim
701 1730 762 1764 hoe
781 1731 828 1764 rel
846 1731 964 1764 sentire
976 1731 1023 1764 vel

281 1785 388 1818 dicere
400 1797 407 1821 ι
420 1785 476 1818 sed
494 1785 593 1828 quod,
617 1790 762 1828 utsupra
782 1784 931 1825 diximus,
949 1795 1024 1818 caro

282 1838 381 1882 ipsius
398 1838 408 1853 ρ·
429 1843 566 1871 mortem
592 1837 740 1880 gustavit.
769 1838 825 1878 Ita,
854 1843 883 1870 et
911 1847 1022 1870 resur-

281 1898 373 1935 gente
391 1902 485 1925 carne
500 1891 611 1935 ipsius,
629 1902 739 1924 rursus
752 1891 1023 1924 resurrectionem

282 1945 438 1981 dicimus:
469 1956 535 1978 non
556 1945 632 1989 quia
653 1945 683 1977 in
706 1945 947 1988 corruptionem
975 1956 1026 1977 ce-

282 1999 427 2040 ciderit⁷,
449 1999 532 2031 absit
547 2000 568 2036 ⁸3
591 1999 646 2031 sed
668 1998 743 2042 quia
762 1998 830 2031 eius
851 1998 1023 2031 resurrexit

282 2063 411 2097 corpus.
435 2053 481 2086 Ita
501 2052 662 2086 Christum
686 2063 786 2085 unum
806 2057 833 2085 et
852 2046 1023 2085 Dominum

320 2165 328 2190 1
353 2165 396 2191 ΑΙ.
411 2164 543 2199 primum
560 2164 601 2190 vel
614 2163 766 2198 primitus.

317 2210 334 2237 ⁹2
350 2209 389 2236 At.
406 2217 501 2235 secum
518 2216 630 2236 carnem
650 2208 808 2239 coniunxit,

319 2259 334 2286 3
350 2259 389 2285 lta
405 2258 475 2293 plur.
489 2256 567 2284 codd.
585 2265 645 2283 cum
660 2264 750 2291 graec.
772 2260 854 2283 textu.
874 2257 952 2292 Vulg.
963 2257 1025 2285 add.

284 2302 451 2338 susceperit.

319 2353 336 2379 4
354 2352 437 2379 llebr.
456 2358 484 2382 11,
504 2352 530 2377 a.

320 2403 336 2429 5
357 2401 427 2428 Edit.
445 2402 476 2428 in
496 2409 533 2434 se,·
550 2405 576 2427 at
596 2404 743 2435 praestant.
761 2401 840 2427 codd.
859 2405 884 2428 et
901 2409 1026 2437 praeser-

287 2446 334 2473 tim
349 2454 440 2481 graec.
457 2450 521 2472 text.
544 2445 610 2480 ipse.

321 2496 337 2521 ti
352 2495 392 2522 At.
410 2503 475 2522 vera
495 2502 562 2522 earo
577 2495 677 2529 ipsius.

324 2545 337 2571 7
354 2545 429 2571 Plur.
448 2544 527 2571 codd.
544 2544 695 2571 ceciderat.
714 2543 868 2579 Perper-am.

323 2595 339 2621 8
359 2594 429 2621 Edit.
450 2602 511 2620 cum
527 2593 648 2620 nonnull.
667 2601 730 2620 mss.
749 2594 826 2628 quod
841 2593 922 2621 absit.

323 2643 340 2669 9
355 2643 470 2671 Yindob.
488 2644 554 2678 ipse.

1055 236 1062 258 1
1089 235 1133 258 ιη’.
1697 225 1758 259 187

1052 282 1257 323 confitemur,
1277 293 1341 316 non
1361 289 1512 327 tanquam
1535 283 1699 316 hominem
1720 295 1792 316 cum

1052 336 1155 369 Verbo
1181 336 1409 376 coadorantes,
1444 347 1483 369 ne
1504 336 1668 370 divisionis
1689 348 1791 381 quae-

1052 388 1124 421 dam
1149 389 1272 432 species
1298 389 1488 429 inducatur·,
1519 390 1574 423 sed
1601 402 1700 424 unum
1731 391 1792 423 iam

1051 447 1081 474 et
1102 442 1253 475 eumdem
1275 443 1460 484 adorantes,
1485 444 1560 487 qnia
1580 455 1644 478 non
1659 450 1704 477 est
1719 445 1795 478 alie-

1051 505 1127 527 num
1143 505 1160 527 a
1177 495 1285 529 Verbo
1296 506 1412 540 eorpus
1423 508 1528 537 suum,
1550 509 1623 531 eum
1639 509 1703 542 quo
1716 498 1795 542 ipsi¹³

1052 547 1148 581 etiam
1171 548 1289 582 assidet
1304 549 1400 582 Patri.
1422 551 1483 583 Nec
1504 551 1566 584 hoc
1581 551 1623 584 ita
1644 552 1792 591 dicimus,

1052 601 1143 645 quasi
1161 601 1289 635 duobus
1310 602 1384 635 filiis
1408 603 1634 645 assidentibus,
1656 605 1711 638 sed
1732 616 1796 638 uno

1053 666 1125 688 cum
1142 665 1238 688 carne
1252 666 1311 699 per
1324 656 1491 698 unitatem,
1509 658 1584 700 quia
1596 658 1620 690 si
1634 658 1729 691 talem
1744 670 1797 691 eo-

1052 709 1252 752 pulationem
1276 709 1389 742 saetam
1412 721 1469 753 per
1493 711 1717 752 substantiam,
1743 718 1794 745 aut

1052 761 1143 805 quasi
1165 761 1397 806 impossibilem
1414 761 1449 803 ¹⁰,
1482 769 1537 796 aut
1562 764 1652 808 quasi
1679 775 1796 808 parum

1053 815 1204 848 decoram
1223 815 1455 849 noluerimus¹¹
1474 816 1631 860 accipere,
1654 817 1685 850 in
1707 817 1738 850 id
1752 818 1799 850 in-

1054 867 1243 909 oidimusffl,
1270 874 1306 901 ut
1326 869 1408 902 duos
1432 869 1516 902 filios
1540 880 1608 903 csse
1633 869 1796 911 dicamus,

1053 932 1182 955 necesse
1211 928 1257 955 est
1277 922 1362 955 enim
1381 922 1568 956 discernere
1582 922 1604 939 ¹³
1621 928 1652 956 et
1677 923 1795 959 dicere.

1054 976 1218 1009 hominem
1244 976 1416 1020 separatim
1442 977 1537 1010 suisse
1567 978 1634 1010 sola
1659 977 1716 1010 filii
1742 989 1799 1022 ap-

1054 1029 1227 1073 pellatione
1258 1030 1477 1071 honoratum,
1507 1037 1537 1064 et
1568 1042 1695 1064 rursum
1718 1032 1798 1064 Ver-

1054 1084 1142 1124 bum,
1167 1084 1253 1128 quod
1275 1090 1319 1117 est
1343 1095 1379 1117 ex
1400 1085 1463 1117 Deo
1485 1091 1515 1118 et
1535 1085 1677 1126 nomine,
1702 1091 1733 1118 et
1749 1096 1801 1118 ve-

1054 1136 1147 1170 ritate
1168 1137 1283 1170 Filium
1298 1137 1363 1170 Dei.
1381 1138 1443 1171 Sed
1466 1137 1649 1171 discernere
1670 1137 1702 1170 in
1721 1139 1801 1171 duos

1055 1189 1138 1223 tilios
1163 1201 1228 1224 non
1252 1191 1408 1224 debemus
1433 1202 1534 1224 imum
1560 1191 1734 1225 Dominum
1754 1192 1800 1225 Ie-

1055 1255 1125 1277 sum
1146 1243 1316 1279 Christum.
1332 1245 1441 1289 Neque
1459 1245 1544 1278 enim
1561 1245 1590 1278 id
1610 1246 1736 1278 adiuvat
1751 1257 1800 1279 re-

1056 1302 1139 1330 ctam
1159 1296 1234 1330 fidei
1255 1297 1427 1338 rationem,
1444 1298 1515 1332 licet
1528 1299 1677 1332 nonnulli
1691 1299 1800 1332 nescio

1056 1362 1153 1395 quam
1175 1351 1368 1395 perhibeant
1387 1352 1625 1396 copulationem
1647 1363 1800 1396 persona-

1056 1416 1128 1438 rum
1142 1405 1172 1438 ¹¹.
1190 1406 1258 1438 Non
1274 1405 1352 1439 dixit
1364 1406 1449 1439 enim
1468 1406 1643 1450 Scriptura,
1658 1406 1800 1439 Verbum

1056 1459 1110 1492 Dei
1146 1470 1319 1503 personam
1349 1459 1489 1493 hominis
1517 1460 1576 1494 sibi
1600 1461 1797 1499 assumsisse,

1057 1514 1113 1546 sed
1133 1524 1262 1547 carnem
1289 1515 1407 1547 sactum
1430 1525 1497 1548 esse
1512 1513 1542 1548 ¹'·.
1567 1514 1602 1548 Id
1621 1520 1730 1548 autem
1753 1520 1797 1548 est

1058 1568 1228 1601 ostendere
1255 1567 1310 1601 Dei
1336 1568 1487 1609 Verbum,
1515 1568 1662 1601 similiter
1686 1579 1801 1602 aenos

1058 1620 1339 1665 participationem
1368 1621 1517 1655 habuisse
1546 1622 1651 1655 carnis
1672 1627 1702 1655 ct
1722 1633 1797 1654 san-

1058 1673 1174 1716 guinis,
1199 1680 1229 1707 et
1246 1684 1363 1718 corpus
1380 1680 1527 1708 nostrum
1549 1675 1681 1718 proprie
1707 1686 1799 1708 suum

1060 1727 1189 1769 fecisse,
1215 1734 1244 1761 ct
1274 1727 1438 1761 hominem
1462 1739 1498 1761 ex
1518 1729 1652 1761 muliere
1672 1740 1802 1772 proces-

1059 1781 1148 1819 sisse,
1172 1792 1236 1815 non
1263 1781 1389 1815 abiecta
1417 1793 1474 1815 nce
1496 1782 1641 1826 deposita
1666 1782 1798 1818 Deitate.

1060 1841 1115 1868 aut
1140 1835 1348 1877 generatione
1374 1835 1443 1874 illa,
1472 1846 1567 1878 quam
1596 1835 1735 1868 habebat
1766 1846 1801 1868 ex

1060 1889 1169 1925 Patre:
1185 1889 1240 1922 sed
1256 1888 1408 1922 mansisse
1430 1888 1524 1921 etiam
1541 1888 1571 1920 in
1584 1889 1802 1932 assumptione

1060 1942 1165 1975 carnis
1186 1943 1297 1981 Deum,
1322 1943 1408 1986 quod
1431 1947 1509 1974 erat.
1532 1942 1596 1975 lloc
1614 1942 1733 1985 ubique
1754 1953 1803 1974 rc-

1061 2002 1129 2029 ctae
1151 1996 1225 2029 fidei
1248 1996 1550 2039 ratioprotestatur.
1576 1995 1608 2028 ln
1633 1995 1685 2028 tali
1707 2006 1801 2027 sensu

1060 2055 1187 2083 sanctos
1208 2050 1316 2082 Patres
1349 2049 1445 2082 l'uisse
1474 2048 1703 2092 comperimus.
1727 2049 1802 2082 Ideo

1100 2165 1131 2190 lt)
1145 2164 1185 2189 At.
1203 2162 1420 2197 impassibilem.
1434 2160 1493 2187 Edit
1513 2160 1659 2196 antiquior.
1671 2169 1732 2187 cum
1743 2160 1801 2186 Vat.

1061 2208 1234 2243 passibilem.

1098 2254 1126 2279 11
1148 2252 1219 2278 rtur.
1238 2250 1316 2278 codd.
1335 2251 1519 2278 voluerimus.

1101 2297 1130 2324 12
1145 2297 1187 2323 At.
1206 2296 1376 2323 incidemus.

1100 2342 1131 2369 13
1150 2341 1190 2367 Sic
1207 2340 1285 2367 codd.
1303 2339 1409 2375 prohat.
1421 2343 1447 2366 et
1461 2347 1550 2374 graec.
1566 2342 1629 2365 text.
1647 2339 1723 2365 Solus
1739 2338 1801 2364 Vin-

1063 2386 1125 2413 doh.
1152 2393 1200 2412 nec
1230 2385 1309 2412 enim
1336 2384 1464 2410 debemus
1491 2384 1663 2411 disecrnrw.
1694 2382 1800 2409 Thu-an.

1063 2440 1112 2458 nec
1132 2431 1210 2457 enim
1227 2430 1386 2456 discernere
1401 2429 1444 2462 sus
1459 2431 1509 2455 est.
1529 2428 1596 2454 Sane
1615 2436 1754 2463 perperam
1771 2427 1802 2454 ad

1062 2480 1130 2503 orat.
1151 2478 1316 2501 contextum.

1100 2521 1130 2547 14
1145 2520 1211 2546 Tre>-
1232 2518 1310 2545 codd.
1324 2526 1354 2544 ω’
1375 2517 1488 2544 arbitrio
1505 2525 1692 2552 personarum
1704 2517 1803 2543 distin-

1062 2561 1195 2587 ctionem.
1220 2559 1260 2585 Al.
1288 2558 1459 2584 divisionem
1485 2565 1689 2591 personarum.
1712 2556 1804 2590 Aptius

1062 2600 1094 2627 ad
1110 2604 1226 2626 context.
1245 2606 1271 2624 n.
1289 2597 1378 2624 lectio.

1101 2640 1130 2666 ¹5
1148 2639 1239 2667 loann.
1261 2644 1279 2671 t,
1304 2638 1345 2664 Η.

1809 356 1907 370 sonarum

1809 377 1916 401 latiorem,

1825 236 1873 262 An.
1895 236 1922 262 C.
1943 236 1991 263 159

1822 298 1866 317 Xon
1877 298 1991 318 atteramus

1810 324 1829 344 iu
1845 323 1927 344 Clu-istu
1945 330 1992 350 per<

1929 357 1993 377 capu.

1815 1250 1857 1270 Sed
1870 1254 1991 1271 naturarum
