2244 3183
226 214 276 241 An.
295 214 324 242 C.
341 213 393 242 534

249 1018 288 1038 Per
299 1017 353 1038 hanc
364 1018 410 1038 eius

227 1047 336 1072 'imperium
343 1047 412 1066 custo-

228 1074 293 1095 ditur.

306 1600 416 1621 lustiniani

235 1628 318 1648 litterae
334 1627 359 1646 de
376 1627 416 1647 title

233 1653 329 1675 Pontifici
343 1654 417 1679 gratis-

232 1686 307 1702 sintae.

456 201 521 237 490

424 261 541 301 iacere,
558 271 655 305 quam
670 270 744 293 vera
764 259 895 301 religio3
919 270 992 292 nam
1015 269 1087 292 cum
1102 270 1161 292 au-

424 320 546 348 ctorem
561 314 642 346 vitae
664 314 711 346 vel
728 313 859 345 luminis
877 318 1015 355 utraque
1028 312 1036 328 ¹
1057 312 1162 356 respi-

424 367 544 406 ciant²,
574 371 660 398 recte
691 371 723 398 et
753 365 902 398 tenebras
927 370 1101 408 respuunt,
1137 370 1167 398 et

423 419 569 453 nesciunt
584 418 751 451 subiacere
766 418 917 451 defectui.
935 418 1162 458 Quamobrem,

424 471 657 514 gloriosissime
685 471 891 514 principum,
914 471 994 504 votis
1015 471 1167 504 omnibus

425 524 611 558 exorabitur
636 524 743 557 divina
770 524 936 568 potentia,
959 530 995 557 ut
1014 525 1166 568 pietatem

424 583 562 610 restram
588 576 620 609 in
645 577 707 609 hoc
735 578 853 610 ardore
873 577 961 617 fidei,
984 578 1016 610 in
1037 578 1097 610 hac
1114 577 1168 610 de-

426 630 554 664 votione
569 631 697 671 mentis,
711 631 743 663 in
761 631 822 664 hoc
840 631 985 674 integrae
1002 631 1168 674 religionis

427 684 533 718 studio
553 684 620 717 sine
645 685 771 718 defectu
794 684 843 718 sui
864 685 897 718 in
917 686 1066 728 longiora
1086 691 1168 718 tem-

426 748 508 782 pora
521 744 699 771 conservet.
719 739 787 771 Hoc
807 739 894 772 enim
915 746 947 772 et
962 740 1081 773 sanctis
1101 751 1170 773 cre-

428 792 535 825 dimus
565 791 709 825 ecclesiis
741 793 909 836 expedire:
938 793 1094 837 scriptum
1123 800 1170 827 est

428 845 530 879 enim:
554 845 691 879 Labiis³
706 847 790 890 resJit
811 842 1083 887 rexsstiterum:
1110 849 1170 883 Cor

426 900 512 943 reqis
536 900 573 932 in
597 910 700 933 manu
715 900 776 933 Dei
796 904 851 941 est,
880 905 909 934 et
939 902 997 934 ubi
1018 903 1166 943 voluerit,

427 953 606 986 inclinabit
631 953 719 986 illuct
730 953 751 987 ⁴.
782 955 850 987 Hoc
878 960 925 988 est
951 955 1057 996 enim,
1082 957 1169 1000 quod

427 1012 569 1040 vestrum
587 1006 696 1040 firmat
712 1007 902 1051 imperium;
922 1009 996 1051 hoc,
1017 1011 1105 1054 quod
1119 1021 1170 1043 ve-

427 1065 493 1094 stra
513 1070 613 1103 regna
632 1067 810 1094 conservat.
825 1062 904 1095 Nam
917 1073 979 1106 pax
995 1064 1167 1104 Ecclesiae,

427 1113 594 1156 religionis
614 1114 721 1146 unitas
748 1119 913 1147 auctorem
938 1115 1034 1149 sacti⁵
1053 1116 1086 1149 in
1112 1127 1168 1150 su-

428 1165 528 1199 blime
548 1171 737 1210 provectum
752 1173 843 1209 grata
859 1168 920 1201 sibi
938 1168 1171 1212 tranquillitate

429 1219 577 1252 custodit.
590 1219 701 1263 Neque
715 1219 800 1252 enim
817 1231 917 1263 parva
937 1221 965 1254 ei
986 1222 1171 1255 vicissitudo

429 1283 447 1305 a
470 1272 615 1315 potentia
647 1272 755 1305 divina
786 1273 956 1315 tribuitur,
989 1286 1046 1318 per
1073 1287 1169 1319 quem

429 1325 526 1358 nullis
547 1324 636 1367 rugis
648 1325 658 1341 ⁶
674 1326 817 1359 Ecclesia
835 1326 960 1360 divina⁷
977 1329 1167 1370 secernitur,

429 1377 526 1411 nullis
542 1377 671 1411 insertis
689 1378 823 1412 maculis
841 1380 992 1414 variatur.
1009 1381 1170 1426 Scriptum

431 1436 478 1463 est
503 1431 609 1472 enim,
638 1431 713 1474 quia
738 1442 812 1464 cum
835 1442 893 1464 rex
917 1434 1025 1466 iustus
1054 1434 1172 1468 sederit

430 1495 528 1528 super
545 1485 661 1526 sedem,
678 1496 745 1519 non
761 1486 992 1520 adversabitur
1007 1489 1037 1520 ei
1046 1488 1056 1504 ⁸
1076 1489 1172 1532 quict-

430 1549 532 1582 quam
567 1540 783 1583 matiynmffl.
818 1541 959 1575 Proinde
990 1543 1172 1576 serenitatis

433 1598 554 1625 vestrae
572 1593 679 1636 apices
690 1592 712 1610 ¹⁰
730 1604 789 1637 per
806 1595 976 1639 Hypatium
995 1601 1090 1640 atque
1107 1597 1170 1630 Dc-

432 1646 586 1679 mettium
610 1647 830 1681 sanctissimos
860 1649 968 1690 viros,
1003 1650 1118 1683 fratres
1143 1656 1174 1684 et

467 1763 480 1789 1
508 1762 549 1789 «1.
566 1771 590 1789 e.
608 1763 675 1790 fides
690 1766 717 1791 et
731 1764 825 1799 religio
836 1775 862 1791 ».
884 1765 995 1792 Accurs.

468 1806 484 1834 2
501 1817 512 1831 α
525 1807 679 1842 Recipiant
692 1819 715 1834 ι).
733 1807 828 1836 Baron.
850 1809 869 1835 f.
890 1809 978 1837 minus
998 1811 1078 1837 bene.

469 1851 485 1878 3
508 1852 552 1878 «1.
569 1860 592 1879 e.
609 1853 762 1880 sententiis
774 1863 798 1879 ».
820 1853 869 1880 Cit.
888 1859 1032 1882 comment.

469 1897 484 1922 4
503 1896 634 1923 Proverb.
649 1905 703 1931 xx1,
725 1899 747 1932 1,
763 1897 810 1924 ubi
831 1897 880 1925 ait:
898 1908 909 1924 α
923 1899 1004 1926 Sicut
1020 1900 1175 1927 divisiones

434 1945 589 1972 aquarum,
600 1937 643 1964 ita
659 1946 707 1965 cor
722 1939 798 1972 reyz's
814 1939 842 1965 ιή
859 1947 949 1966 manu
961 1941 1090 1973 Donum]
1106 1950 1175 1975 quo-

433 1985 556 2012 cumque
570 1978 690 2005 votuerit
706 1978 859 2006 inclinabit
875 1980 951 2006 illud
962 1991 984 2006 u.

470 2022 486 2048 5
510 2033 521 2046 κ
537 2021 556 2048 Ι.
573 2029 597 2049 e.
615 2022 776 2058 principem,
797 2023 819 2050 si
838 2022 889 2050 hoc
903 2023 982 2051 faciat
995 2034 1018 2051 n.
1034 2024 1082 2052 Cit.
1100 2034 1175 2053 cotn-

434 2066 518 2090 ment.

470 2109 486 2136 6
510 2119 522 2133 «
537 2108 556 2135 l.
573 2116 597 2135 e.
615 2107 807 2135 schismatibus
820 2117 842 2134 ν.
866 2108 905 2135 ld.
922 2113 1068 2137 comment.

471 2154 485 2180 Ἴ
507 2153 603 2181 Baron.
621 2157 647 2180 et
662 2153 748 2179 Labb.
761 2156 788 2180 et
803 2152 863 2180 cod.
882 2153 974 2180 lustin.
989 2154 1058 2189 legg.
1071 2155 1175 2189 divisa,

436 2194 505 2221 sicut
529 2194 609 2221 etiam
633 2194 743 2225 Carasa:
770 2197 934 2229 quapropter
959 2203 1023 2222 mss.
1053 2200 1176 2223 nostrum

436 2234 594 2261 mendosum
612 2242 671 2261 esse
688 2242 841 2261 censemus.

471 2280 487 2306 8
507 2278 571 2306 Cod.
589 2278 682 2305 lustin.
701 2279 734 2305 ad
751 2287 836 2313 marg.
857 2279 945 2306 «alias
964 2280 1056 2307 sibi».
1077 2280 1176 2316 Perpe-

436 2327 504 2353 rmn,
521 2319 559 2346 uti
575 2323 656 2354 patet.

471 2364 488 2391 9
504 2364 630 2390 Proverl).
641 2372 683 2395 xx,
693 2364 718 2394 8,
728 2363 773 2390 uhi
787 2363 862 2398 Vulg.
874 2363 1039 2399 tegit.:Reoe‚
1051 2365 1102 2399 qui
1109 2365 1178 2393 sedit

437 2404 468 2430 in
487 2405 558 2432 solio
573 2404 687 2436 iuclz'ct'i,
700 2405 819 2438 dissipat
836 2412 918 2431 omne
938 2406 1046 2431 matum
1067 2406 1177 2433 intuitu

437 2452 498 2472 suo.

475 2484 508 2511 to
530 2495 542 2508 «
557 2483 619 2511 Scil.
637 2484 791 2511 litterae».
815 2484 852 2510 ld.
870 2485 1017 2511 Comment.

477 2530 503 2554 tt
527 2529 558 2555 V.
581 2528 631 2555 hoc
647 2527 726 2554 edict.
744 2528 769 2554 in
785 2527 831 2555 cit.
848 2528 908 2555 cod.
927 2528 989 2555 lust.
1007 2529 1053 2556 tit).
1073 2539 1089 2561 t,
1107 2531 1144 2556 tit.
1158 2537 1175 2562 t,

439 2568 457 2595 l.
479 2569 512 2600 t;
529 2568 596 2594 etin
613 2568 708 2595 Baron.
726 2576 769 2594 an.
787 2568 838 2595 533
854 2577 880 2595 n.
898 2576 944 2596 vu.

477 2611 508 2639 12
523 2611 587 2639 Hinc
602 2611 697 2648 liquet,
708 2612 802 2640 lustin.
816 2612 879 2648 imp.
893 2620 923 2640 ex
942 2613 1023 2648 episc.
1045 2613 1178 2641 sententia

945 211 1097 235 ArrnNntx
1125 211 1275 235 BULLARII
1295 211 1417 235 ROMANI

1198 259 1409 303 coepiscopos
1438 269 1546 300 meos,
1577 261 1757 294 reverentia
1785 266 1938 295 consueta

1197 312 1410 356 suscepimus,
1422 323 1561 356 quorum
1573 313 1669 346 etiam
1680 314 1837 347 relatione
1849 325 1938 348 com-

1198 365 1342 408 perimus
1356 392 1363 405 ,
1398 366 1486 409 quod
1506 366 1656 399 fidelibus
1674 367 1801 410 populis
1820 377 1940 410 propo-

1199 417 1305 451 suistis
1319 418 1459 452 edictum
1474 429 1585 452 amore
1598 419 1673 453 fidei
1686 418 1717 460 ¹¹,
1734 430 1793 463 pro
1807 420 1940 453 submo-

1199 471 1548 505 vendahaereticorum
1559 472 1749 513 intentione,
1762 473 1939 505 secundum

1200 524 1410 567 apostolicam
1433 525 1626 565 doctrinam,
1649 525 1785 558 fratrum
1814 531 1845 558 et
1868 535 1941 558 coe-

1200 577 1408 621 piscoporum
1421 583 1607 611 nostrorum
1619 578 1852 612 interveniente
1866 588 1943 612 con-

1201 641 1313 671 sensu,
1348 632 1436 675 quod
1461 631 1536 675 quia
1557 631 1753 675 apostolicae
1773 632 1941 666 doctrinae

1201 684 1373 725 convenit,
1402 690 1513 718 nostra
1542 685 1733 719 auctoritate
1763 685 1939 719 confirma-

1203 749 1274 772 mus
1295 738 1326 771 ¹³.

1218 837 1336 870 Teoetus
1353 841 1463 870 autem
1479 836 1634 881 epistotae
1649 837 1731 881 Imp.
1750 837 1827 870 talis
1843 836 1928 870 est¹³.

1202 910 1302 938 Victor
1314 911 1340 932 14
1359 910 1561 944 lastinianus,
1577 910 1659 944 Pius,
1680 909 1773 943 Felix,
1795 910 1942 945 Inclytus‚

1238 955 1467 989 Triumphator,
1501 962 1618 989 semper
1645 955 1808 989 Augustus,
1839 955 1945 983 Ioanni

1239 999 1431 1027 sanctissimo
1446 998 1676 1033 Archiepiscopo
1691 1000 1787 1027 almae
1797 999 1881 1027 urhis
1894 1000 1946 1027 Ro-

1239 1051 1304 1071 mae
1326 1047 1357 1071 et
1372 1044 1575 1072 Patriarchae.

1248 1114 1461 1148 Reddentes¹⁵
1477 1115 1637 1148 honorem
1651 1115 1854 1159 Apostolicae
1871 1115 1945 1150 Sedi

1205 1173 1235 1201 et
1251 1162 1375 1201 vestrae
1395 1167 1566 1208 sanctitati,
1596 1169 1683 1212 quod
1703 1179 1832 1213 semper
1852 1169 1946 1203 nobis

1205 1221 1237 1254 in
1257 1226 1331 1254 voto
1352 1221 1411 1254 suit
1431 1227 1460 1254 et
1481 1227 1528 1254 est
1548 1222 1596 1265 (ut
1615 1222 1708 1255 decet
1727 1222 1867 1264 Patrem)
1888 1222 1946 1256 ho-

1205 1272 1390 1307 norantes¹⁰
1406 1279 1544 1307 vestram
1566 1274 1812 1315 beatitudinem,
1837 1275 1947 1310 omnia

1205 1338 1287 1370 quae
1305 1328 1345 1360 ad
1366 1327 1576 1360 ecclesiarum
1597 1333 1715 1360 statum
1729 1326 1749 1344 ¹⁷
1767 1328 1944 1371 pertinent,

1206 1378 1454 1413 festinavimus¹³³
1466 1380 1506 1413 ad
1520 1380 1669 1413 notitiam
1683 1381 1808 1414 deferre
1823 1386 1946 1415 vestrae

1205 1434 1402 1474 sanctitatis;
1438 1434 1592 1478 quoniam
1622 1444 1750 1478 semper
1772 1435 1867 1468 nobis
1887 1435 1947 1468 suit

1207 1497 1360 1529 magnum
1382 1487 1526 1520 studium
1545 1487 1702 1521 unitatem
1724 1493 1847 1522 vestrae
1861 1489 1947 1532 Apo-

1206 1541 1338 1574 stolicae
1358 1540 1466 1581 Sedis,
1491 1547 1521 1573 et
1545 1546 1664 1574 statum
1686 1547 1870 1574 sanctarum
1890 1541 1947 1575 Dei

1206 1594 1414 1628 ecclesiarum
1424 1594 1596 1635 custodire,
1609 1593 1880 1638 quae¹⁹hactenus
1890 1594 1947 1628 ob-

1208 1648 1286 1681 tinet
1298 1653 1329 1681 et
1342 1648 1538 1681 incommote
1555 1653 1735 1692 permanet,
1750 1648 1839 1682 nulla
1849 1648 1948 1683 inter-

1208 1765 1304 1789 cuncta
1318 1761 1351 1789 de
1374 1762 1425 1789 fide
1440 1762 1529 1789 edicta
1547 1762 1685 1796 statuisse,
1711 1765 1738 1790 et
1751 1763 1948 1799 promulgasse,

1207 1808 1351 1843 ipsumque
1368 1808 1444 1835 Rom.
1462 1808 1558 1835 Pontis.
1579 1808 1759 1844 consuluisse,
1780 1817 1842 1836 num
1858 1810 1950 1837 omnia

1209 1853 1260 1888 plo,
1291 1857 1394 1886 sancte,
1415 1858 1441 1880 et
1464 1853 1612 1881 orthodoxe
1632 1853 1734 1880 suerint
1753 1854 1908 1882 constituta.
1927 1854 1948 1882 E

1209 1905 1272 1924 mss.
1295 1898 1386 1924 Const.

1246 1943 1277 1971 13
1299 1943 1336 1970 lta
1351 1943 1377 1970 in
1395 1943 1454 1970 cod.
1471 1943 1565 1970 lustin.
1587 1943 1637 1970 loc.
1661 1944 1705 1970 cit.
1720 1943 1880 1971 Huiusmodi
1899 1952 1949 1972 au-

1210 1989 1262 2012 tem
1280 1988 1380 2012 textum
1397 1983 1491 2011 Baron.
1508 1983 1558 2011 sub
1573 1992 1617 2011 an.
1634 1983 1685 2011 533
1701 1992 1726 2011 n.
1743 1992 1782 2011 xu
1797 1984 1899 2012 retulit.

1244 2030 1277 2056 14
1299 2029 1396 2056 Baron.
1413 2028 1491 2064 legit:
1508 2029 1682 2063 Imperator.

1246 2074 1279 2101 15
1299 2074 1362 2101 Cod.
1376 2074 1469 2100 lustin.
1482 2073 1546 2109 lcg.:
1563 2074 1640 2101 «Nos
1655 2074 1839 2101 reddentem:
1858 2082 1950 2102 verum

1210 2115 1293 2150 antiq.
1310 2115 1424 2149 exempl.
1442 2118 1551 2141 nostrae
1571 2114 1633 2141 lect.
1651 2113 1808 2141 adhaerent.

1246 2160 1278 2187 16
1299 2159 1382 2186 Labb.
1400 2159 1464 2185 edit.
1481 2158 1566 2185 Paris.
1582 2158 1614 2186 ad
1629 2167 1713 2194 marg.
1730 2159 1880 2195 corrigend.
1901 2159 1950 2188 ad-

1211 2203 1302 2226 monet
1322 2203 1352 2225 ut
1367 2202 1393 2226 et
1409 2200 1486 2227 decet
1500 2202 1624 2233 patrem,
1646 2199 1818 2227 honorantes
1831 2217 1884 2227 .....
1902 2208 1951 2235 pa-

1211 2239 1330 2266 renthesi
1351 2239 1465 2266 sublata.
1490 2239 1567 2266 Forte
1590 2239 1621 2265 ad
1643 2239 1723 2266 locut.
1740 2239 1824 2267 satius
1842 2240 1950 2276 legend.

1211 2280 1286 2314 quod
1305 2288 1419 2313 semper
1440 2279 1520 2306 nobis
1543 2279 1574 2306 in
1598 2282 1659 2306 voto
1679 2280 1746 2314 fuit,
1767 2283 1803 2315 et,
1824 2283 1855 2307 ut
1874 2281 1952 2308 decet

1212 2320 1339 2352 Patrem,
1356 2320 1532 2347 honorantes
1549 2339 1602 2346 .....

1248 2365 1278 2391 17
1299 2365 1396 2390 Barotr
1413 2363 1476 2397 legs
1498 2374 1509 2388 <‹
1526 2363 1564 2390 act
1578 2364 1722 2391 Ecclesiae
1737 2367 1845 2392 statum
1861 2375 1888 2392 u.

1251 2409 1279 2435 18
1300 2408 1382 2435 tabo.
1401 2412 1428 2435 et
1443 2409 1503 2435 cod.
1520 2408 1584 2435 lust.
1601 2408 1634 2435 ad
1651 2416 1734 2443 marg.
1755 2408 1812 2435 «al.
1828 2409 1950 2444 festina-

1211 2457 1309 2475 mus».
1328 2448 1364 2474 lta
1380 2448 1460 2475 etiam
1477 2448 1545 2483 legg.
1563 2448 1641 2475 codd.
1659 2448 1716 2475 Vat.
1734 2448 1813 2483 3833,
1830 2452 1857 2475 et
1873 2448 1950 2476 1427.

1250 2494 1279 2519 ta
1297 2492 1379 2519 Labb.
1397 2493 1430 2519 ad
1447 2501 1530 2528 marg.
1548 2493 1607 2527 qui,⁴
1623 2492 1687 2519 item
1702 2495 1728 2519 et
1745 2492 1839 2519 Baron.
1854 2492 1952 2520 Verum

1212 2540 1237 2558 n.
1260 2534 1334 2564 tect.¹
1351 2541 1430 2567 quam
1447 2532 1508 2559 hal).
1526 2532 1605 2559 etiam
1622 2531 1732 2564 Carafa,
1750 2532 1856 2559 videtur
1876 2541 1953 2568 prae-

1211 2572 1336 2599 ferenda:
1370 2572 1454 2599 Sedes
1480 2572 1553 2599 enim
1579 2573 1628 2606 Ap.
1654 2571 1764 2599 immota
1792 2576 1950 2608 permanet,

1211 2615 1296 2639 status
1315 2615 1404 2640 autem
1424 2611 1606 2639 Ecclesiarum
1625 2619 1677 2639 non
1697 2610 1743 2639 ita.

1985 908 2064 929 Harum
2073 908 2143 929 textus

1958 935 2054 956 retertur.

1980 1120 2091 1142 Iustiniani
2100 1122 2143 1142 stu-

1960 1146 2017 1167 dium
2026 1147 2145 1174 S.Ap.uni·

1961 1175 2025 1195 tatem
2034 1174 2143 1196 servandi.
