2244 3183
503 236 544 269 56

472 296 569 328 simae
586 294 659 328 fidei
680 301 727 328 est
743 294 960 338 anipleetenda
985 295 1208 338 tranquillitas,

471 347 573 381 donee
597 347 703 380 radios
734 357 808 380 suos
840 347 953 381 veritas
982 358 1038 390 per
1064 347 1211 382 universa

338 414 455 442 tutianusbe
472 401 645 442 diffundat,
665 406 695 434 et
713 401 879 445 caliginem
906 401 1103 436 infidelitatis
1130 412 1208 435 con-

273 439 456 495 illififfssssllslfilssll
471 459 586 487 sumat.
610 454 695 492 Quae
724 460 830 488 autem
859 455 1011 498 disposita
1039 455 1101 488 sint
1117 455 1138 496 ¹,
1157 466 1214 499 per

273 493 382 518 '⁰²⁰¹''⁸‘²'
471 507 580 540 latoris
605 517 783 541 sermonem
805 517 967 551 agnosces.

514 561 589 593 Data
613 560 707 593 tertio
728 560 801 594 idus
826 561 983 602 octobris,
1011 561 1137 595 Asturio
1156 562 1167 577 2
1183 567 1210 594 et

470 614 646 658 Protogene
665 613 738 647 viris
755 615 937 648 clarissimis
953 615 1146 649 consulibus.

505 675 564 703 Dat.
583 675 614 703 13
634 676 752 704 octobris
767 685 812 704 an.
828 677 891 706 449.

273 245 322 272 An.
339 245 367 272 C.
389 246 439 273 449

663 837 849 871 EPISTOLA
870 837 976 870 XXXII
995 837 1014 869 ³.

471 933 628 967 Flaviani
646 934 873 976 fortitudinem
893 933 1119 966 commendans
1145 937 1210 965 slu-

514 984 607 1017 dium
619 996 715 1018 suum
727 987 762 1018 in
776 986 949 1018 Ecclesiam
965 985 1114 1024 ostendit,
1124 995 1211 1017 eum-

513 1049 574 1082 que
593 1038 636 1071 acl
655 1040 809 1082 §rariora
832 1039 963 1082 serenda
981 1039 1108 1072 incitat.

469 1127 526 1155 Leo
545 1127 685 1155 rtaviano
710 1128 850 1163 episcopo
871 1128 1210 1162 constantinopolitano.

514 1198 600 1237 Quae
616 1205 646 1232 et
663 1206 782 1243 quanta
800 1200 927 1233 dileetio
944 1206 997 1233 tua
1022 1210 1080 1243 pro
1104 1199 1211 1232 catho-

271 1259 455 1307 mgiuavianiroru-
469 1251 548 1285 lieae
565 1252 638 1285 fidei
660 1253 842 1286 defensione
860 1254 1008 1295 patiatur,
1028 1263 1085 1295 per
1101 1252 1211 1284 Diaco-

326 1303 330 1307 ”
470 1315 555 1346 nem,
583 1305 637 1348 qui
655 1305 695 1338 al>
713 1305 837 1349 Epheso
854 1306 965 1339 furtim
981 1311 1027 1338 est
1044 1306 1169 1348 clapsus
1187 1305 1209 1344 ¹⁴,

470 1358 669 1400 agnovimus.
690 1359 728 1391 Et
749 1359 822 1392 licet
839 1358 1081 1401 magnificemus
1096 1359 1209 1397 Deum,

469 1411 524 1454 qui
548 1417 578 1444 te
602 1411 722 1454 gratiae
746 1422 821 1444 suae
843 1412 955 1445 virtute
972 1412 1141 1452 confortat,
1157 1421 1212 1444 ne-

469 1474 557 1497 cesse
573 1469 619 1498 est
638 1470 742 1497 tamen
759 1475 817 1498 nos
838 1466 944 1499 dolere
963 1476 1073 1498 eorum
1090 1465 1209 1505 ruinas,

469 1528 525 1560 per
540 1528 619 1560 quos
636 1519 748 1551 veritas
765 1518 972 1562 impugnatur
987 1546 994 1560 ‚
1015 1524 1045 1552 et
1069 1519 1137 1562 ipsa
1162 1524 1210 1552 to-

469 1571 533 1604 tius
557 1570 714 1604 Ecclesiae
737 1571 945 1605 fundamenta
976 1572 1164 1615 quatiuntur

281 1622 548 1670 *assamur-Quia
579 1633 652 1656 vero
679 1623 881 1668 providentia
910 1625 964 1658 Dei
999 1635 1126 1668 semper
1146 1626 1210 1658 suis

271 1659 454 1680 ⁸¹³¹⁰h⁰⁰¹e⁵¹m
468 1677 680 1710 necessarium
706 1684 845 1720 praestat
868 1678 1040 1718 auxilium,
1060 1678 1139 1711 seire
1157 1679 1210 1712 de-

468 1730 521 1764 bet
555 1730 735 1763 fraternitas
767 1736 843 1772 tua,
870 1741 928 1764 nos
957 1742 1015 1774 pro
1049 1732 1209 1765 communi

469 1793 563 1815 causa
593 1783 672 1816 nihil
706 1794 838 1823 eorum,
865 1795 946 1827 quae
967 1786 1089 1828 agenda
1112 1791 1206 1826 sunt,

468 1837 653 1880 praeterire,
680 1842 714 1869 ut
736 1836 882 1880 primitus
902 1838 940 1870 ad
963 1849 1011 1878 ea,
1034 1849 1115 1881 quae
1133 1839 1206 1871 uni-

469 1889 607 1922 versitati
632 1889 775 1922 fidelium
800 1891 933 1933 prosint,
955 1892 1118 1934 pervenire
1146 1902 1210 1925 me-

301 1950 396 1981 ·miversa
407 1950 454 1987 ferti
470 1952 608 1975 reamur.
624 1942 774 1985 Superest
786 1943 808 1983 ⁰,
828 1949 862 1977 ut
878 1944 1003 1978 fortiter
1018 1945 1143 1978 interim
1157 1946 1210 1979 di-

271 1984 341 1998 ²⁰¹¹¹¹⁰
363 1978 455 1999 'mm'
470 1995 564 2029 lectio
587 2002 640 2029 tua
665 1998 777 2030 toleret
793 2008 874 2040 quae
898 1998 957 2031 sibi
981 1999 1020 2031 ad
1048 2005 1208 2032 aeternam

271 2005 306 2026 da.

470 2048 603 2092 gloriam
629 2059 694 2082 non
721 2050 847 2083 dubitat
871 2052 1046 2094 profutura.
1070 2052 1211 2086 Perlator

505 2155 517 2182 1
537 2166 548 2180 «
571 2155 610 2183 Al.
631 2158 697 2183 sunt
712 2167 737 2183 ».
753 2155 879 2184 Ballerin.
895 2160 921 2184 et
936 2157 1056 2184 Caeciar.
1082 2157 1110 2184 ll.
1133 2166 1172 2185 cc.

505 2200 520 2226 2
535 2200 652 2226 Caeciar.
670 2200 686 2226 Ι.
704 2208 727 2226 c.
745 2200 869 2228 Asterio.

505 2244 521 2271 3
537 2244 574 2271 Ex
596 2245 661 2271 edit.
688 2244 816 2271 Ballerin.
838 2246 907 2280 Opp.
934 2246 964 2273 S.
983 2247 1082 2274 Leonis
1106 2250 1170 2274 tom.
1191 2253 1208 2281 t,

471 2289 522 2315 col.
543 2289 606 2315 931.

505 2329 522 2355 4
547 2339 559 2353 «
584 2328 624 2355 Al.
653 2329 748 2363 lapsus
766 2339 789 2355 ».
811 2329 929 2357 Cacciar.
956 2330 1026 2366 Opp.
1050 2331 1080 2358 S.
1097 2331 1208 2364 Leonis,

471 2377 540 2408 part.
553 2379 570 2399 11
587 2381 646 2408 pag.
668 2374 727 2400 187.

505 2417 522 2444 5
535 2416 654 2444 Cacciar.
673 2418 691 2444 l.
709 2426 732 2444 c.
746 2418 914 2452 patiuntur.
931 2419 1062 2455 Corrupte
1077 2419 1195 2455 quidem.

507 2462 523 2488 (i
540 2471 551 2488 ‹
569 2461 609 2489 Al.
625 2462 679 2489 Sin
695 2465 735 2490 est
755 2473 781 2489 n.
799 2463 922 2490 Ballerin.
940 2463 956 2491 l.
975 2472 997 2490 c.

507 2507 521 2533 7
539 2516 551 2532 ‹
568 2506 607 2533 ΑΙ.
626 2507 694 2533 male
705 2507 774 2542 fidei
796 2518 818 2533 υ.
835 2507 952 2534 Caeciar.
970 2508 987 2535 l.
1001 2517 1024 2535 c.

507 2551 523 2578 8
540 2561 551 2575 «
568 2550 675 2586 Vulgat.
696 2554 758 2578 alite
780 2551 917 2582 Quesnett.
938 2559 964 2579 ιιι
974 2553 1032 2580 kal.
1049 2554 1168 2582 octobris
1187 2563 1207 2580 ι).

472 2594 592 2621 Cacciar.
608 2594 626 2621 l.
643 2603 666 2621 c.

507 2638 524 2666 9
539 2638 658 2666 caecian
674 2638 740 2666 ibid.
757 2640 876 2668 Asterio.

995 247 1155 271 APPENDIX
1174 247 1323 272 BULLARII
1344 248 1464 272 ROMANI

2019 246 2068 276 An.
2083 246 2111 274 G.
2132 247 2184 275 449

1245 306 1321 330 sane
1345 296 1449 330 brevis
1473 297 1568 330 liuius
1593 296 1745 339 epistolae
1770 296 1857 329 fideli
1882 296 1891 313 ⁷
1921 305 1986 329 ser·
2026 307 2185 337 flavianum„

1246 358 1338 382 mone
1352 349 1467 393 poterit
1484 359 1632 382 enarrare
1651 348 1807 392 quidquid
1827 348 1904 381 illud
1918 353 1982 389 est,
2000 334 2186 381 33:5²⁰'issul‘2l‘2'2

1246 401 1284 433 ad
1305 402 1404 444 quod,
1427 401 1593 435 adiuvante
1611 401 1758 442 Domino,
1782 401 1888 435 studio
1913 401 1986 434 fidei
2001 387 2048 408 ‘³¹¹⁵'

1246 459 1275 486 et
1296 453 1435 487 caritatis
1453 454 1661 487 intendimus.

1290 507 1367 540 Data
1386 507 1477 540 tertio
1498 507 1569 541 idus
1585 507 1595 523 ⁸
1614 506 1769 547 Octobris,
1786 506 1913 541 Asturio
1930 507 1941 523 ⁰
1958 512 1987 540 et

1248 559 1422 603 Protogene
1439 560 1514 594 viris
1531 560 1713 594 clarissimis
1730 560 1926 594 consulibus

1283 621 1340 649 Dat.
1360 621 1391 649 13
1406 621 1523 649 octobris
1538 631 1582 649 an.
1603 622 1665 649 449.

1435 774 1620 809 EPISTOLA
1641 775 1761 808 XXXIII
1777 773 1808 807 ¹⁰.

1246 865 1392 898 Dae'oscori
1418 867 1592 910 perfidiam
1619 870 1784 900 execratus
1805 866 1989 901 Constanti-

1289 919 1413 962 nopolis
1434 920 1515 952 cives
1532 920 1732 953 veliementer
1749 920 1935 960 obtestatur,
1951 923 1989 952 ut

1288 971 1450 1004 Flaviano
1469 972 1608 1015 firmiter
1627 973 1824 1006 adhaereant
1840 999 1847 1012 ,
1874 982 1950 1006 neve
1973 981 1989 1004 e

1289 1025 1449 1058 catholica
1473 1025 1534 1068 fide
1554 1026 1740 1059 desciscant.

1245 1104 1302 1132 Leo
1319 1104 1477 1139 episcopus
1507 1108 1538 1132 et.
1560 1108 1666 1133 sancta
1693 1106 1843 1140 synodus,
1865 1105 1987 1139 quaein

1279 1148 1353 1175 urhe
1376 1149 1465 1175 Roma
1485 1149 1628 1176 convenit
1640 1171 1646 1182 ,
1664 1150 1760 1182 clero,
1783 1149 1939 1177 honoratis
1956 1152 1988 1177 et

1280 1192 1360 1225 plebi
1376 1193 1555 1220 consistenti
1572 1193 1838 1227 constantinopoli,
1851 1193 1987 1221 dilectis-

1281 1235 1364 1262 simis
1380 1236 1451 1262 fitiis
1468 1236 1499 1263 in
1518 1236 1649 1269 Domino,
1668 1238 1795 1264 salutem
1811 1235 1848 1265 Π.

1290 1305 1361 1339 CAP.
1394 1306 1415 1338 Ι,
1446 1306 1480 1338 In
1500 1307 1646 1340 notitiam
1671 1306 1694 1324 ⁴²
1716 1313 1857 1341 nostram
1871 1334 1879 1347 ‚
1904 1318 1985 1351 quae
1999 1310 2186 1364 cnfffflffilflgiaffij

1245 1358 1359 1401 Ephesi
1385 1364 1494 1392 contra
1525 1359 1707 1403 opinionem
1739 1360 1883 1394 omnium
1913 1364 2058 1394 suntfld12·

1246 1416 1313 1444 acta
1325 1410 1358 1452 ¹³,
1385 1412 1530 1455 perlatis,
1551 1422 1666 1455 magno
1681 1413 1822 1446 animum
1839 1419 1986 1447 nostrum

1246 1464 1382 1497 fatemur
1402 1475 1548 1498 moerore
1573 1465 1757 1499 confusum:
1779 1476 1838 1499 nec
1861 1471 1985 1500 tantum

1244 1517 1372 1550 licuisse
1389 1517 1549 1561 iniquitati
1579 1518 1668 1551 facile
1688 1519 1901 1562 potuissemus
1918 1530 1986 1553 cre-

1245 1570 1331 1611 dere,
1359 1570 1419 1603 nisi
1437 1569 1457 1586 ¹⁴
1482 1570 1566 1604 filius
1590 1577 1699 1604 noster
1723 1572 1850 1605 Hilarus
1880 1572 1986 1606 diaco-

1244 1635 1315 1664 nus,
1342 1625 1395 1667 qni
1418 1635 1435 1657 a
1458 1624 1550 1658 nobis
1574 1625 1642 1659 vice
1663 1631 1770 1659 nostra
1794 1636 1867 1659 cum
1892 1625 1961 1659 aliis
1978 1653 1985 1666 ,

1244 1683 1279 1710 ut
1304 1677 1469 1711 interesset
1496 1678 1633 1722 synodo,
1661 1679 1775 1712 missus
1794 1679 1909 1720 suerat,
1931 1680 1987 1713 su-

1244 1730 1333 1773 giens
1357 1731 1558 1772 revertisset,
1579 1731 1742 1764 declinans
1759 1759 1766 1771 ‚
1792 1742 1831 1765 ne
1851 1732 1987 1765 iniustae

1245 1783 1402 1826 particeps
1433 1790 1515 1817 esset
1546 1784 1730 1818 sententiae.
1758 1784 1882 1828 Quippe
1913 1794 1986 1818 cum

1245 1848 1301 1870 vox
1325 1837 1390 1870 illic
1412 1848 1427 1870 a
1449 1838 1564 1871 nostris
1590 1838 1852 1872 contradictionis
1872 1838 1988 1872 emissa

1244 1890 1293 1927 sit„
1314 1900 1411 1933 quam
1432 1890 1663 1924 Alexandrinus
1684 1891 1827 1930 antisteS‚
1851 1891 1905 1934 qui
1931 1896 1983 1924 to·
2000 1891 2186 1945 congfflgssfflfiiss

1244 1948 1310 1975 tum
1328 1944 1413 1976 solus
1430 1943 1641 1987 impotentiae
1659 1943 1679 1959 ¹⁵
1704 1954 1780 1977 suae
1797 1943 1983 1985 vindicavit,
2000 1946 2188 1994 Bssftffil'ii'ssisssl‘-
2240 1974 2242 1990 ἲ

1244 1996 1354 2029 audire
1381 1997 1595 2040 contempsit,
1627 1996 1659 2029 in
1686 1997 1882 2030 consortium
1910 2007 1984 2031 suae
2000 1999 2037 2020 11³·

1243 2049 1415 2083 voluntatis
1432 2049 1548 2083 invitos
1561 2050 1745 2094 pertrahens
1756 2049 1777 2067 ¹⁰
1792 2050 1982 2091 sacerdoteS,

2020 1733 2088 1756 Hilari
2101 1733 2158 1761 fuga.

1280 2155 1312 2183 10
1328 2155 1364 2182 Ex
1383 2155 1447 2183 edit.
1470 2156 1594 2183 Ballerin.
1620 2157 1687 2192 Opp.
1710 2157 1740 2184 S.
1762 2157 1864 2184 Leonis
1880 2159 1944 2184 tom.
1964 2163 1984 2191 t,

1244 2200 1294 2227 cot.
1309 2201 1371 2228 931.

1281 2247 1309 2271 11
1325 2256 1336 2269 <1
1356 2245 1499 2281 Perperam
1515 2246 1649 2277 Qnesnell.
1670 2245 1743 2273 delet
1759 2246 1840 2273 verba
1859 2246 1986 2273 dilectis—

1243 2281 1322 2308 simis
1336 2281 1405 2315 filiis
1427 2282 1460 2308 in
1485 2283 1610 2308 Domino
1630 2283 1770 2315 salutem;
1792 2282 1826 2308 al.
1847 2289 1895 2317 pro
1911 2282 1984 2308 dite-

1244 2317 1376 2343 ctz'ssvz'mis
1392 2316 1494 2343 liabent
1508 2317 1618 2344 dilectis
1639 2327 1663 2343 n.
1679 2317 1757 2344 Cacc.
1775 2317 1846 2351 Opp.
1869 2316 1898 2343 S.
1917 2317 1985 2344 Leo-

1243 2352 1289 2378 nis
1309 2355 1375 2386 part·
1393 2359 1422 2385 11,
1445 2360 1505 2387 pag.
1524 2352 1584 2379 189.
1852 2357 1861 2360 “

1281 2395 1313 2421 12
1330 2404 1341 2420 «
1355 2395 1424 2430 Aliq.
1443 2395 1502 2423 cod.
1519 2396 1563 2423 Ad
1577 2396 1715 2424 <notitiam
1734 2406 1758 2422 ».
1774 2395 1891 2422 Caeciar.
1913 2395 1980 2422 ibid.

1281 2438 1313 2465 13
1330 2448 1341 2464 c(
1365 2439 1405 2465 ΑΙ.
1423 2442 1544 2473 peracta
1560 2449 1584 2466 ι),
1601 2439 1718 2466 Cacciar.
1740 2438 1806 2466 ibid.

1281 2483 1312 2509 14
1328 2482 1404 2510 Caec.
1417 2483 1482 2510 ibid.
1495 2484 1554 2512 nisi
1569 2485 1607 2510 ad
1621 2492 1681 2511 nos.
1694 2483 1816 2518 Rectius,
1828 2487 1857 2510 ut
1869 2483 1984 2510 videtur.

1281 2528 1313 2554 15
1335 2536 1345 2552 ε
1369 2528 1407 2554 ΑΙ.
1435 2529 1582 2562 potentiae
1599 2538 1625 2554 n.
1653 2527 1778 2555 Ballerin.
1802 2528 1852 2554 col.
1882 2527 1935 2554 933
1960 2531 1986 2554 et

1244 2562 1440 2624 iissiiiisaxiolimg
1458 2564 1518 2590 190.
1540 2563 1591 2590 Vid
1614 2567 1669 2590 not.
1692 2563 1724 2591 13
1747 2571 1808 2599 pag.
1832 2563 1876 2597 54,
1899 2563 1951 2590 col.
1970 2563 1986 2589 2

1278 2641 1313 2668 16
1332 2642 1450 2670 Cacciar.
1468 2651 1530 2670 cum
1546 2642 1581 2671 al.
1594 2643 1780 2678 protrahens.
