2244 3183
277 188 328 216 An.
345 189 375 217 C.
392 189 439 218 521

307 889 331 910 ΕΙ
352 889 387 915 qui
409 889 459 909 11111-

277 918 310 936 {us
334 917 361 936 ad
386 916 461 942 pucili-

275 943 363 963 tentiam
372 942 461 963 adstrin-

276 970 337 996 gitur.

350 1902 461 1929 Epist-apis

278 1928 318 1949 Pr.
332 1929 419 1950 decreta
430 1937 462 1951 rc-

278 1956 399 1977 taxantibus
423 1958 460 1978 Dei

279 1982 373 2003 vindicta
397 1984 462 2009 perti-

279 2010 402 2032 mescenda.

506 180 571 214 4513

474 240 530 273 sed
552 239 647 273 etiam
668 239 708 273 ad
725 239 871 283 praemia
881 245 1013 273 aeterna
1033 239 1213 283 perveniat.

476 292 611 336 Propter
642 292 786 334 regulam
814 297 920 325 tamen
952 292 1215 333 ecclesiasticam,

475 352 505 379 et
536 351 672 390 propter
695 346 903 389 antiquorum
932 346 1063 380 Patrum
1084 351 1214 387 statuta,

475 409 558 442 quae
586 399 668 432 absit
697 410 713 432 a
745 399 838 433 nohis
875 405 931 432 aut
964 400 1215 444 reprehendere,

474 458 529 486 aut
545 452 707 486 discutere
726 452 913 493 audeamus,
926 463 1011 495 eum,
1021 453 1135 498 quem¹
1150 463 1218 487 cre-

475 505 582 539 dimus
613 505 653 539 ad
685 505 781 539 vitam
814 511 978 540 aeternam
1010 512 1083 550 post,
1114 512 1216 540 aetam

474 558 707 602 poenitentiam
719 558 730 577 ²
743 560 863 601 venire,
882 560 922 593 ad
942 560 1100 594 honorem
1119 560 1215 594 cleri-

475 618 565 646 catus
585 613 765 647 secundum
788 620 952 648 tantorum
973 615 1105 648 Patruin
1126 625 1220 659 prae-

475 671 568 710 cepta
595 666 744 700 novimus
772 677 838 700 non
871 667 990 701 dehere
1020 668 1156 709 reverti,
1187 668 1218 701 in

476 723 620 760 tantum,
643 725 678 753 ut
699 719 730 753 in
752 720 930 754 canonibus
954 721 1112 765 scriptum
1138 721 1216 762 sit33

475 782 515 805 ne
534 772 620 806 ullus
639 773 804 817 unquam⁴
823 774 992 818 poenitens
1012 774 1149 808 clericus
1165 785 1219 808 or-

475 825 614 859 dinetur.
639 827 676 860 Et
695 826 721 860 si
742 826 795 860 ille
812 827 837 868 ⁵,
862 828 918 871 qui
938 828 1024 861 ultro
1044 828 1125 872 petit
1143 838 1220 872 poc-

476 879 658 921 1111011113111,
691 881 838 924 quamvis
859 881 998 925 perfecte
1018 888 1091 924 agat
1111 882 1131 923 ⁸,
1154 892 1218 916 non

475 939 580 977 potest
604 939 656 967 aut
678 934 862 978 episcopus,
893 940 948 968 aut
971 936 1138 980 presbyter
1162 946 1217 969 or-

476 987 599 1030 dinari,
623 988 666 1022 ita
694 994 729 1021 ut
760 988 886 1022 etiamsi
917 999 976 1033 per
1003 990 1219 1032 ignorantiam

476 1041 644 1075 ordinatus
676 1042 792 1084 suerit,
824 1049 856 1077 et
882 1049 995 1088 postea
1019 1044 1222 1078 convincitur

475 1095 708 1140 poenitentiam
722 1097 896 1141 accepisse,
919 1097 1092 1131 deiiciatur
1106 1098 1126 1138 7;
1151 1098 1217 1139 ille,

476 1149 530 1193 qui
558 1149 675 1183 invitus
695 1150 735 1184 ad
755 1151 987 1194 poenitentiam
1009 1151 1167 1193 agendam
1190 1152 1219 1184 in

476 1203 710 1237 monasterium
723 1204 872 1246 mittitur,
885 1205 1118 1248 etutique,‹11ui
1133 1205 1220 1238 aliud

476 1267 571 1300 quam
600 1257 772 1301 poenitens
797 1258 951 1292 dicendus
972 1264 1029 1299 est,
1054 1269 1117 1302 qua
1138 1269 1219 1292 con-

475 1310 609 1343 seientia
630 1311 668 1344 ad
693 1311 911 1345 sacerdotium
934 1312 1041 1345 redire
1062 1313 1222 1356 permitti-

477 1364 551 1396 tur?
582 1364 683 1397 Nemo
716 1364 793 1397 mihi
824 1365 887 1398 alia
917 1365 1078 1409 quaelihet
1110 1372 1222 1400 contra

475 1418 702 1452 auctoritatem
725 1418 816 1453 Sedis
837 1418 1052 1463 Apostolieae,
1077 1426 1128 1452 aut
1146 1430 1223 1453 con-

477 1476 524 1504 tra
545 1477 766 1505 trecentorum
788 1472 899 1505 decem
923 1478 953 1505 et
967 1479 1038 1506 octo
1054 1473 1223 1518 cpiscopo-

477 1535 547 1557 rum
562 1531 747 1569 praecepta,
764 1525 811 1558 vel
835 1526 1036 1570 reliquorum
1059 1537 1220 1560 canonum

475 1584 594 1611 statuta
628 1579 775 1617 obiiciat:
814 1580 890 1623 quia
920 1581 1078 1624 quidquid
1111 1587 1222 1616 contra

477 1633 852 1676 illorumdefinitionem,
875 1635 905 1667 in
928 1634 1046 1678 quihus
1065 1635 1220 1679 Spiritum

476 1685 628 1719 Sanctum
651 1687 795 1720 locutum
818 1698 885 1721 esse
907 1687 1082 1729 credimus,
1101 1689 1220 1722 dictum

477 1740 584 1781 luerit,
610 1741 754 1785 recipere
779 1752 843 1775 non
869 1742 973 1775 solum
996 1743 1219 1784 temerarium,

476 1795 532 1827 sed
558 1794 653 1828 etiam
681 1795 901 1839 periculosum
920 1806 988 1829 csse
1006 1806 1071 1829 non
1094 1796 1217 1831 dubito.

479 1848 576 1881 Valde
604 1849 689 1882 enim
712 1855 821 1882 metuo
842 1855 874 1883 et
894 1849 1111 1883 contremisco
1132 1850 1219 1884 illam

478 1902 733 1944 damnationem,
750 1913 846 1947 quain
864 1903 934 1936 11011
955 1904 1128 1937 sacerdos⁸
1147 1915 1223 1949 pro-

477 1960 549 1999 pter
568 1956 696 1989 stultam
724 1956 961 2000 indulgentiam
986 1958 1133 2002 accipere
1154 1969 1222 1992 me-

478 2009 553 2043 ruit.
577 2010 634 2049 Qui
656 2021 717 2054 pro
746 2021 784 2044 00
809 2011 895 2055 quod
922 2011 1005 2045 [ilios
1025 2023 1101 2045 suos
1121 2013 1223 2055 negli-

515 2155 524 2180 1
544 2153 585 2181 Sic
601 2163 615 2182 e
628 2154 687 2182 cod.
704 2154 798 2189 Corh„
815 2158 841 2181 et
863 2154 933 2181 l'ith.
953 2154 1035 2182 Mansi
1051 2155 1221 2190 emendatur,

479 2199 524 2234 qui
541 2199 611 2226 hanc
627 2199 728 2235 period.
744 2199 908 2236 implicatam
925 2200 1048 2236 praehet.

513 2243 529 2270 2
544 2243 627 2271 Mans.
644 2244 677 2271 ad
694 2244 775 2272 locut.
793 2247 912 2272 context.
929 2253 1071 2281 perperam
1079 2249 1143 2281 post
1159 2246 1223 2274 bea-

480 2291 540 2316 tam
556 2290 771 2324 poeniteutiam.

514 2334 530 2359 3
546 2333 583 2360 ld.
606 2343 747 2369 perperam
767 2335 800 2362 ad
821 2335 903 2362 locut.
924 2335 1062 2370 scriptum
1084 2338 1133 2364 est.

515 2378 531 2404 4
545 2378 665 2405 Gratian.
684 2379 746 2406 dist.
763 2379 808 2414 50,
825 2388 849 2407 c.
865 2380 909 2407 29.

514 2422 585 2450 51d.
601 2423 639 2449 ih.
658 2432 682 2450 c.
699 2423 743 2451 55.

514 2468 531 2494 6
546 2467 631 2495 Maus.
649 2469 779 2503 quamvis
794 2477 856 2496 eam
866 2471 990 2505 perfecte
1000 2470 1071 2505 ayit.
1090 2470 1128 2497 Ad
1140 2470 1220 2498 locut.

479 2512 568 2548 aptius
583 2512 687 2540 videtur
701 2516 780 2547 ayat.

516 2558 530 2584 7
545 2557 610 2585 Cod.
627 2556 672 2584 cit.
690 2557 757 2585 1343
770 2557 861 2593 inepte
876 2558 909 2586 ad
925 2563 993 2587 orat.
1011 2563 1128 2588 context.
1149 2560 1222 2587 deii-

479 2602 571 2636 01ἰιιν,·
594 2605 703 2638 quanto
728 2602 821 2638 magis
842 2603 902 2632 ille.

1000 191 1151 216 Ai‘rssxntx
1178 189 1330 216 BULLAml
1350 190 1472 216 ROMANI

1249 246 1364 282 genter
1377 239 1554 283 castigavit,
1572 246 1608 275 ut
1624 251 1752 276 cosnec
1771 242 1918 284 caedere,
1936 252 1996 276 nec

1251 293 1534 326 excommunicare
1550 294 1700 334 voluerit,
1716 294 1776 338 ipsi
1793 295 1851 329 filii
1865 306 1929 329 una
1944 296 1997 330 die

1251 346 1350 379 occisi
1375 352 1461 387 sunt,
1485 353 1517 380 et
1539 358 1598 381 xxx
1615 347 1719 380 millia
1743 348 1783 381 de
1802 350 1925 392 populo
1946 349 1996 382 in-

1253 399 1378 433 terfecti
1392 405 1478 441 sunt,
1495 405 1525 434 et
1539 410 1614 433 arca
1629 401 1812 434 testamenti
1830 407 1924 446 capta
1935 408 1993 443 est,

1253 458 1283 486 et
1313 452 1382 496 ipse
1412 458 1502 487 retro
1530 454 1648 487 cadens
1680 454 1788 488 fractis
1819 454 1998 488 cervicibus

1253 511 1401 539 mortuus
1429 512 1487 547 est,
1519 513 1550 540 et
1577 517 1698 541 nomen
1729 507 1831 552 ipsius
1852 508 1891 542 de
1911 507 1998 542 libro

1253 559 1335 593 vitae
1348 559 1504 601 deletum,
1521 566 1581 594 etc.
1597 561 1617 594 ⁹.
1643 561 1760 595 Contra
1778 561 1926 603 Phinees,
1942 561 1998 606 qui

1253 622 1314 656 pro
1340 623 1389 654 eo,
1418 613 1507 658 quod
1538 614 1606 648 zelo
1625 614 1680 648 Dei
1700 620 1894 656 commotus,
1917 615 1998 649 duos

1253 666 1419 701 adulteros
1439 667 1562 711 pariter
1578 667 1750 710 interfecit,
1773 674 1875 702 totum
1892 679 1998 713 popu-

1254 720 1321 753 lum
1340 721 1380 754 de
1391 721 1446 754 Dei
1466 721 1635 755 iracundia
1652 721 1843 756 liberavitffl.
1858 723 1923 757 Nec
1936 722 1998 756 hoe

1255 774 1328 808 ideo
1352 774 1438 816 dico,
1458 780 1494 808 ut
1514 775 1597 809 sicut
1616 776 1670 809 ille
1687 775 1773 818 fecit,
1794 775 1891 810 etiam
1912 786 1999 810 nune

1254 838 1312 872 per
1329 833 1467 862 mortem
1482 838 1658 873 corporum
1673 829 1860 864 sacerdotes
1869 829 1998 863 Domini

1255 882 1395 917 debeant
1413 883 1596 920 vindicare:
1620 884 1677 918 sed
1707 884 1784 928 quia
1803 883 1921 918 melius
1937 890 1995 925 est,

1255 936 1478 981 unusquisque
1492 936 1511 953 ¹¹
1525 947 1626 981 parvo
1648 942 1806 981 tempore,
1829 937 1934 971 donec
1953 937 2000 970 vi-

1255 990 1298 1022 vit
1322 989 1354 1022 in
1374 990 1435 1023 hoc
1456 990 1590 1031 mundo,
1614 990 1844 1024 verecundiam
1861 990 2000 1024 velcon-

1256 1043 1414 1076 susionem
1435 1044 1603 1085 sustineat,
1627 1038 1723 1088 qu’am
1738 1050 1849 1088 postea
1867 1044 1907 1078 ad
1920 1054 1999 1088 sup-

1255 1097 1352 1140 plicia
1370 1103 1502 1131 aeterna
1521 1098 1699 1142 perveniat.
1722 1098 1759 1131 Et
1775 1099 1914 1131 multum
1926 1096 1949 1115 ⁴²
1968 1098 1997 1131 ei

1256 1150 1365 1184 utilius
1396 1157 1462 1193 est,
1493 1157 1626 1195 propter
1646 1151 1786 1184 aliorum
1815 1151 1997 1196 exemplum

1255 1204 1411 1248 quamdiu
1436 1205 1530 1246 vivit,
1554 1210 1697 1238 remotus
1717 1205 1757 1238 ab
1777 1204 1903 1238 honore
1919 1215 1999 1249 poe-

1256 1258 1425 1291 nitentiam
1444 1265 1528 1302 agat,
1547 1265 1577 1291 et
1590 1259 1771 1292 remedium
1793 1259 1852 1292 sihi
1868 1259 1898 1292 in
1915 1259 1966 1293 die
1980 1259 2000 1276 ¹⁸

1256 1312 1455 1346 necessitatis
1485 1312 1646 1356 adquirat.
1674 1312 1876 1356 Quicumque
1895 1313 2002 1357 parri-

1257 1366 1311 1399 tati
1332 1376 1423 1400 meae
1442 1366 1473 1399 in
1494 1366 1554 1400 hac
1574 1376 1671 1399 causa
1691 1366 1832 1400 voluerit
1845 1376 2001 1400 onerosus

1256 1421 1404 1462 existere,
1428 1421 1516 1454 aliud
1534 1430 1726 1465 responsum
1741 1421 1762 1438 ¹⁴
1779 1421 1856 1454 dare
1867 1430 1933 1454 non
1946 1421 2001 1455 de-

1257 1474 1371 1515 libero,
1394 1474 1455 1508 nisi
1477 1475 1564 1518 quod
1579 1474 1756 1518 supradicti
1772 1484 1912 1508 canones
1925 1484 2001 1508 con-

1258 1528 1359 1561 tinere
1380 1528 1530 1561 videntur
1554 1528 1584 1561 ¹⁵.
1620 1528 1685 1562 1101·
1719 1528 1792 1561 ideo
1817 1527 1901 1569 dico,
1924 1528 2000 1572 quia

1258 1581 1334 1614 dum
1354 1582 1417 1614 cito
1442 1581 1578 1614 crimina
1600 1581 1750 1625 capitalia
1771 1581 2001 1615 committenti-

1257 1636 1317 1669 hus
1342 1636 1560 1679 indulgemus,
1581 1636 1725 1680 plurimi,
1747 1636 1802 1680 qui
1820 1646 1879 1669 1100
1898 1636 1999 1670 Deum

1257 1695 1416 1730 metuunt,
1451 1699 1509 1723 nec
1540 1699 1652 1722 sensus
1679 1689 1870 1733 disciplinae
1890 1688 1997 1723 eccle-

1256 1742 1402 1776 siasticae
1432 1749 1657 1786 expavescunt,
1691 1743 1760 1775 sine
1789 1742 1856 1775 ullo
1874 1742 2000 1786 pudore

1257 1808 1291 1831 ac
1313 1797 1508 1837 reverentia,
1529 1806 1587 1840 per
1601 1795 1751 1839 indignas
1765 1795 2001 1829 l‘at‘uiliaritates

1257 1858 1482 1886 extranearum
1505 1851 1680 1884 mulierum
1709 1856 1739 1883 et
1763 1850 1887 1894 seipsos
1914 1850 2001 1883 deci-

1258 1906 1369 1950 piunt⁷
1404 1912 1433 1940 et
1466 1908 1584 1939 samam
1614 1905 1809 1938 christianae
1833 1903 2001 1947 religionis

1258 1959 1475 2004 blasphemari
1501 1959 1597 1992 etiam
1616 1958 1656 1992 ah
1678 1964 1850 1992 extraneae
1870 1956 2002 1999 religio-

1258 2014 1307 2048 nis
1331 2013 1522 2047 hominihus
1547 2012 1680 2047 faciunt.
1708 2013 1743 2046 Et
1776 2011 1850 2046 11100
1879 2011 1999 2045 iustum

1293 2158 1308 2184 8
1325 2157 1469 2193 Pei-peram
1485 2155 1572 2183 Mansi
1588 2156 1638 2183 ill-e
1653 2155 1791 2184 sacerdos.

1293 2201 1469 2237 ulneg.1v‚
1487 2201 1520 2229 10
1535 2200 1568 2228 ad
1584 2201 1626 2228 19.

1295 2247 1328 2274 10
1343 2246 1419 2273 Num.
1437 2252 1500 2281 xxv,
1516 2245 1543 2281 7,
1558 2247 1584 2273 8.

1296 2291 1323 2318 11
1342 2291 1406 2318 Cod.
1425 2299 1451 2318 u.
1466 2290 1499 2317 ad
1516 2290 1597 2318 locut.
1614 2293 1676 2326 apte
1692 2292 1721 2318 ut
1737 2289 1946 2325 unusquisque,
1958 2288 2002 2316 cui

1258 2335 1363 2364 accedit
1387 2335 1483 2363 Barou.
1506 2334 1539 2363 ad
1554 2343 1640 2369 marg.

1295 2381 1326 2408 12
1343 2381 1438 2409 Baron.
1456 2380 1523 2408 ibid.
1538 2381 1573 2407 ad
1587 2380 1668 2407 locut.
1689 2379 1796 2415 quidem
1810 2382 1883 2406 recte
1897 2378 2000 2406 mulw.

1296 2426 1327 2453 13
1344 2426 1381 2453 111.
1398 2429 1493 2453 eontra
1512 2433 1577 2452 mss.
1594 2424 1720 2452 auctorit.
1739 2425 1769 2452 in
1784 2424 1868 2451 diem.

1295 2471 1326 2496 14
1342 2470 1394 2498 Cit.
1411 2469 1472 2497 cod.
1493 2473 1567 2497 recte
1585 2469 1694 2505 quidem
1714 2467 1844 2496 interiicit
1857 2468 1895 2496 ei.

1294 2515 1327 2543 15
1344 2514 1381 2542 ld.
1395 2514 1428 2542 ad
1443 2514 1525 2542 locut¹
1541 2522 1684 2550 perperam
1699 2513 1896 2540 continentur.
1916 2522 1927 2538 α
1946 2511 2003 2539 ltu-

1259 2568 1361 2596 cusque
1380 2560 1439 2588 cod.
1457 2559 1638 2591 (ἕω-1101011515,
1654 2563 1680 2586 01
1695 2557 1764 2585 Pith.
1785 2556 1879 2591 ambo;
1896 2561 2004 2585 caetera

1258 2613 1291 2633 ex
1311 2604 1392 2633 unico
1406 2608 1469 2633 sunt
1489 2603 1665 2632 Rhemensi».
1686 2601 1772 2631 Labb.
1790 2602 1824 2630 ad
1840 2609 1926 2638 marg.

2024 193 2077 221 An.
2093 194 2123 223 c.
2137 175 2172 222 5Ῐ

2030 1159 2092 1190 ⁴Quat¹
2101 1165 2138 1187 per
2147 1165 2176 1188 p„

2014 1189 2126 1208 minutiam
2154 1192 2156 1195 ·
2168 1197 2175 1208 ;,

2015 1213 2123 1235 evitanda.
2165 1215 2173 1239 s
2182 1213 2183 1217 ¹

2069 1693 2151 1715 Clerico
2168 1693 2180 1712 u'
2228 1688 2229 1696 ¹

2024 1720 2176 1746 incontinenti,

2023 1747 2150 1769 detestatur.
2228 1764 2230 1789 ι
