2244 3183
261 176 309 203 An.
328 176 355 203 C.
378 177 428 203 ⁴53

282 1194 388 1221 Quidquid
400 1200 447 1214 cnu-

262 1222 404 1243 unisti-aenos
412 1226 447 1241 ca-

263 1255 327 1269 nunt-5
355 1253 447 1277 uuquam

262 1275 324 1295 tuerit
347 1275 448 1297 motuum,

263 1302 447 1327 ipsuiurcirrituiu

263 1331 294 1348 est
305 1327 432 1348 tmtwmtum.

303 1728 362 1748 Licet
383 1728 402 1747 in
428 1727 447 1747 »ιὶ

264 1756 285 1776 S.
304 1754 366 1775 Scitis
377 1755 448 1779 legati,

263 1784 348 1806 praeter
363 1780 448 1801 inauda-

263 1811 313 1831 tutn.
336 1812 447 1828 consense-

263 1835 311 1855 rint.

492 168 555 201 ’118

461 286 542 315 tere;
559 278 672 311 ‘³sirut'
690 279 784 311 etiam
812 278 842 310 in
873 278 1032 322 Ephesina
1063 279 1196 323 synodo,

282 345 443 365 uiolamus
460 343 542 376 quae
567 332 700 375 impium
734 331 914 365 Nestorium
945 343 1016 365 cum
1051 332 1200 375 dogmate

262 372 444 443 ifiiffsl‘iiirliaiffissifff.
460 395 517 418 suo
537 385 690 429 perculit,
716 385 872 418 luvenalis
892 385 1062 429 episcopus
1087 386 1125 419 ad
1144 386 1199 419 oli-

268 430 331 449 ·ppct
369 429 445 449 trinet-
475 439 480 444 .

261 452 338 477 patum.

461 439 625 472 tinendum
640 438 816 472 Palestinae
838 438 1022 482 provinciae
1037 439 1198 483 principa-

461 498 526 525 tum
553 491 687 524 credidit
712 502 745 525 se
770 502 862 536 posse
883 491 1042 536 proficere
1063 492 1084 532 ³³,
1106 492 1199 525 etin-

459 546 598 578 solentes
623 556 718 578 ausus
738 555 795 589 per
815 546 1035 579 commentitia
1050 546 1060 562 ⁴
1081 545 1199 590 scripta

461 597 601 632 firmare.
622 598 713 638 Quod
731 604 857 632 sanctae
878 599 1054 633 memoriae
1067 599 1217 643 Cyrillus*

460 651 693 686 Alexandrinus
710 652 880 696 episcopus
901 653 1017 686 merito
1029 652 1200 696 perhorre-
1216 672 1217 678 .

460 715 561 745 scens,
590 705 715 749 scriptis
736 705 801 738 suis
824 705 900 737 milii
920 705 997 749 quid
1022 704 1176 748 praedicti
1191 704 1200 719 '⁴

462 865 578 898 illicitis
603 865 771 899 conatibus
804 865 1015 909 praeberetur
1045 864 1195 898 assensio.

462 971 603 1005 direxisti
625 977 752 1004 sanctae
780 971 956 1005 memoriae
987 971 1105 1015 cyrilti,
1130 982 1198 1004 eam

462 1025 491 1058 in
519 1030 629 1058 nostro
654 1025 772 1058 scrinio
789 1025 975 1069 requisitam
990 1035 1048 1058 nos
1068 1025 1202 1058 authen-

462 1078 556 1111 ticam
581 1078 708 1111 noveris
729 1078 896 1121 reperisse.
917 1078 983 1112 Hoc
1005 1084 1110 1111 tamen
1125 1079 1219 1122 pro-¹

462 1132 568 1176 prium
591 1131 788 1165 definitionis
809 1132 818 1148 ⁸
840 1142 930 1164 meae
956 1137 1024 1172 est,
1047 1138 1081 1165 ut
1101 1142 1201 1175 quan-

464 1185 611 1218 tumlibet
644 1185 783 1228 amplior
816 1195 970 1218 numerus
998 1186 1200 1218 sacerdotum

463 1237 584 1281 aliquid
608 1248 667 1281 per
687 1238 901 1281 quorumdam
929 1238 1169 1282 subreptionem
1193 1238 1203 1254 '³

464 1291 626 1331 decernat,
655 1292 742 1335 quod
763 1291 824 1324 illis
849 1297 1066 1324 trecentorum
1082 1292 1201 1335 [decem

463 1350 493 1377 et
514 1349 586 1377 octo
608 1345 736 1377 Pati-um
758 1344 1043 1378 constitutionibus
1063 1345 1204 1378 invenia-

463 1403 514 1430 tur
535 1398 715 1438 adversum,
740 1397 772 1431 id
793 1397 929 1431 iustitiae
947 1398 1204 1432 consideratione

463 1457 623 1493 cassetur;
647 1452 800 1495 quoniam
822 1452 989 1486 universae
1008 1452 1095 1496 pacis
1116 1458 1204 1485 tran-

462 1506 604 1549 quillitas
624 1516 688 1539 non
710 1506 802 1539 aliter
823 1507 942 1550 poterit
961 1506 1126 1546 custodiri,
1145 1507 1203 1540 nisi

462 1569 518 1593 sua
539 1559 716 1593 canonibus
738 1560 916 1593 reverentia
937 1560 1127 1594 intemerata
1140 1571 1223 1593 ser-i

464 1618 564 1646 vetur.

506 1666 577 1700 ΟΜ).
607 1667 639 1699 V.
669 1667 698 1700 Si
725 1667 801 1711 quid
817 1678 893 1700 sane
914 1668 953 1700 ab
975 1667 1023 1701 his
1039 1668 1201 1707 fratribus,

463 1730 544 1764 quos
556 1721 595 1753 ad
610 1727 751 1754 sanctam
763 1721 919 1764 synodum
941 1721 1007 1754 vice
1029 1731 1100 1754 inea
1120 1721 1202 1760 misi,
1222 1726 1224 1731 “

463 1780 591 1818 praeter
616 1775 658 1815 id,
682 1775 769 1818 quod
794 1775 833 1807 ad
862 1785 990 1808 causam
1013 1775 1086 1808 fidei
1101 1775 1202 1819 perti-

463 1828 581 1869 nebat,
610 1833 733 1871 gestum
760 1838 827 1862 esse
856 1829 1054 1872 perhibetur,
1087 1829 1206 1862 nullius

464 1881 524 1914 erit
549 1881 676 1924 penitus
701 1881 878 1921 firmitatis,
902 1881 975 1925 quia
1000 1882 1038 1915 ad
1060 1882 1206 1915 hoctan—

465 1940 531 1967 tum
550 1935 588 1967 ab
607 1935 791 1978 Apostolica
810 1941 880 1968 sunt
903 1935 984 1968 Sede
1004 1935 1129 1976 directi,
1157 1941 1202 1975 ut,

464 1988 577 2021 excisis
597 1987 984 2029 haeresibus,catholieae
1002 1993 1108 2022 essent
1127 1987 1202 2022 {idei

464 2041 659 2075 defensores.
688 2041 845 2086 Quicquid
878 2041 964 2075 enim
989 2047 1116 2086 praeter
1136 2052 1207 2086 spe-

500 2150 508 2175 t
531 2158 542 2174 ι
560 2149 625 2176 Cod.
648 2149 748 2185 Ratisp.
766 2148 840 2176 addit
855 2158 937 2176 suam
950 2160 974 2176 n.
994 2149 1121 2176 Ballerin.
1134 2148 1152 2176 l.
1169 2156 1193 2176 c.

497 2189 513 2216 2
531 2199 542 2214 «
561 2189 651 2216 Prima
666 2190 804 2221 Quesuell.
817 2190 882 2216 edit.
893 2190 1003 2225 siclegit
1018 2189 1089 2216 hunc
1106 2190 1204 2216 locum:

462 2225 592 2260 ‹lisficilis
606 2229 645 2253 esc
668 2226 840 2260 cupiditatis
862 2226 1059 2260 improborum
1075 2233 1134 2251 uon
1150 2225 1207 2252 ali-

463 2261 629 2323 ἕιὲῗιτίίξιέηῖι
644 2269 809 2323 {mensuram
826 2261 1023 2296 mot'iri'atque.
1040 2263 1204 2296 appetere».

497 2336 652 2398 QdCacciailn
669 2345 728 2373 pag.
743 2337 794 2365 359
810 2346 870 2364 cum
892 2338 960 2373 vulg.
979 2338 1115 2373 sufficere.
1129 2336 1208 2364 Recte

485 2380 509 2398 ui
532 2380 572 2398 em
588 2381 614 2399 n.
645 2393 650 2398 .

464 2380 479 2407 q
499 2408 514 2434 4
535 2407 652 2434 Cacciar.
675 2407 691 2434 l.
710 2417 733 2435 c.
751 2417 810 2435 cum
830 2408 908 2435 codd.
939 2409 1000 2435 Vat.
1030 2408 1208 2436 commenda-

465 2443 540 2470 titia.
553 2444 621 2470 Sane
634 2452 786 2479 perperam.

499 2480 514 2506 5
534 2489 546 2503 «
564 2479 650 2505 Prima
665 2479 728 2506 edit.
746 2480 880 2510 Quesucll.
905 2480 978 2506 mihi
1000 2487 1111 2514 quoque
1135 2487 1209 2515 quae

461 2515 605 2548 praedicti
622 2525 648 2541 r».
678 2514 803 2542 Ballerin.
826 2515 876 2542 loc.
899 2515 943 2542 cit.
964 2514 1017 2543 Vox
1036 2515 1082 2542 illa
1101 2522 1209 2550 quoque

465 2558 479 2576 a
503 2550 646 2579 Ouesnello
662 2550 775 2583 invecta,
793 2550 902 2577 indubie
923 2550 1109 2586 expungenda.
1127 2549 1159 2577 Ει
1180 2557 1209 2577 re

465 2585 573 2620 quidem
600 2594 662 2612 vera
685 2585 745 2613 cod.
770 2586 908 2622 itatispon.
930 2594 990 2612 cum
1012 2585 1132 2621 antiquis
1150 2584 1209 2612 edi-

970 176 1130 202 Armzuntx
1151 176 1301 202 mittatur
1321 176 1440 203 nouam

460 225 580 269 aliquid
603 235 697 269 supra
719 224 1084 258 mensuram¹moliatur
1104 236 1201 270 appe·
1216 227 1220 280 ι
1235 225 1330 260 ciales
1348 237 1459 260 causas
1480 225 1680 270 synodalium
1703 224 1913 259 conciliorum
1933 224 1974 259 ad

1216 713 1217 752 j
1234 707 1301 739 eius
1319 706 1484 750 epistolae,
1512 717 1607 750 quam
1631 706 1670 739 ad
1683 705 1975 750 Constantinopoli-

461 758 618 802 cupiditas
643 769 717 791 ausa
743 764 835 795 esset,
865 758 1031 792 indicavit:
1064 763 1094 791 et
1114 754 1218 791 solli-3:

461 812 522 845 cita
547 822 642 855 prece
677 813 813 845 multum
841 812 1002 856 poposcit,
1032 816 1062 843 ut
1082 812 1093 827 ⁶
1113 806 1218 843 nulla³

1219 1192 1308 1239 ¹su·nt
1330 1187 1457 1220 Domini
1486 1187 1679 1226 sacerdotes,
1714 1187 1821 1220 nullus
1845 1186 1905 1220 sibi
1923 1186 1980 1220 do-

1234 289 1367 313 examen
1392 280 1575 324 episcopale
1600 279 1752 319 defertur,
1784 284 1891 322 potest
1917 278 1974 312 ali-

1232 343 1329 376 quam
1366 332 1562 366 diiudicandi
1592 331 1711 364 habere
1739 331 1916 373 rationem,
1947 332 1972 366 si

1234 387 1311 420 nihil
1339 388 1377 420 de
1402 397 1440 420 eo
1461 386 1538 420 est¹0
1553 397 1569 418 a
1590 385 1707 418 sanetis
1722 385 1868 429 Patribus
1888 386 1972 430 apud

1234 440 1381 473 Nicaeam
1409 439 1589 474 definitum.
1622 440 1698 472 Nam
1723 439 1810 482 quod
1833 439 1872 473 ab
1902 439 1974 473 illo·
2219 472 2225 480 ,

1233 504 1303 526 rum
1330 494 1449 536 regulis
1477 499 1509 526 et.
1540 492 1769 526 constitutione
1797 492 1969 533 discordat,
2027 501 2095 541 Sedqn·
2117 503 2194 525 entn
2227 491 2229 528 j

1234 547 1434 590 Apostolicae
1462 546 1551 580 Sedis
1571 556 1749 589 numquam
1773 545 1891 589 poterit
1914 545 1973 579 ob·
1988 529 2121 586 iffrisii'gifl‘ffs
2137 528 2171 578 “ss

1235 600 1336 632 tinere
1361 610 1563 633 consensum.
1588 599 1710 638 Quanta
1732 609 1806 632 vero
1826 598 1888 632 hoc
1899 598 1973 632 dili·
1988 581 2171 631 lilsscffllt‘tfifst'
2189 592 2194 595 ’

1234 653 1340 695 gentia
1365 653 1564 687 custodiatur
1581 663 1598 686 a
1617 653 1721 693 nohis,
1739 652 1974 696 exemplaribus

1235 765 1343 792 tanum
1369 759 1556 803 episcopum
1577 759 1774 792 refrenantes
1794 758 1894 803 ipsius
1921 768 1977 792 cu-

1234 813 1401 858 piditatem
1433 813 1626 853 direximus,
1661 812 1844 853 instrueris;
1879 822 1976 857 quam

1216 857 1217 908 f
1235 868 1266 900 in
1281 867 1426 900 omnium
1442 867 1575 900 fratrum
1590 873 1620 900 et
1640 866 1904 900 consacerdotum
1919 875 1978 900 no·
2010 873 2192 902 naamanin,
2233 900 2236 908 Δ

461 918 539 951 Nam
566 919 656 952 cuius
677 919 830 962 epistolae
850 919 858 935 ⁷
877 919 915 951 ad
934 929 992 951 nos
1006 918 1200 962 exemplaria
1217 928 1218 943 i

1991 903 2050 923 terne
2072 906 2125 923 sun
2147 900 2175 922 ιιΙ

1234 926 1374 954 strorum
1391 921 1486 954 facies
1507 920 1652 953 notitiam
1674 919 1853 964 pervenire,
1869 924 1905 953 ut
1917 928 1976 952 no·
1991 927 2110 958 tin-anonam
2121 931 2190 974 icu..

1235 974 1337 1007 verint
1358 984 1468 1018 pacem
1491 973 1752 1014 ecclesiasticam,
1769 983 1827 1016 per
1840 982 1976 1007 concor·
1991 957 2188 1008 ἷῧῗῖηὲἒιῖῗέἶιῗέ·

1236 1026 1321 1059 diam
1346 1027 1411 1060 Deo
1430 1027 1593 1070 placitam,
1615 1027 1733 1060 debere
1755 1025 1885 1059 servari.

1280 1080 1352 1114 Cap,
1365 1081 1412 1113 vt.
1427 1081 1507 1114 Illud
1522 1091 1652 1124 quoque
1669 1080 1875 1114 dilectionem
1890 1085 1976 1114 tuam

1237 1134 1385 1167 convenit
1404 1144 1607 1177 praecavere,
1631 1139 1664 1167 ut
1685 1139 1814 1177 praeter
1834 1143 1900 1175 eos,
1923 1133 1978 1178 qui
1993 1140 2076 1189 „³¹³3”
2091 1140 2189 1189 ci'nnifeiss}

1995 1194 2086 1221 quilibet
2094 1195 2180 1221 praetut-

1324 1240 1329 1245 .
1519 1240 1524 1245 .
1616 1241 1620 1246 .
1657 1241 1662 1246 .
1901 1239 1906 1246 .
1958 1239 1964 1245 .
1995 1221 2117 1247 episcopum
2138 1219 2179 1241 sihi

1238 1241 1330 1274 cendi
1356 1246 1387 1274 et
1415 1241 1622 1284 praedicandi
1656 1252 1703 1274 ius
1732 1241 1849 1274 audeat
1879 1240 1982 1273 vind1-
1995 1249 2087 1274 arrow-

1238 1304 1322 1334 care,
1350 1293 1414 1327 sive
1439 1294 1492 1326 ille
1514 1294 1702 1334 monachus,
1726 1294 1791 1327 sive
1804 1293 1845 1327 sit
1863 1293 1978 1331 laicus,

1239 1347 1292 1390 qui
1319 1346 1453 1380 alicuius
1477 1347 1629 1380 scientiae
1646 1347 1778 1380 nomine
1810 1346 1977 1389 glorietur.

1238 1400 1318 1440 Quia
1342 1400 1398 1434 etsi
1424 1401 1601 1444 optandum
1623 1406 1669 1434 est
1689 1406 1724 1433 ut
1744 1410 1857 1434 omnes
1874 1399 1982 1434 Eccle-

1239 1454 1303 1487 siae
1335 1454 1392 1486 filii
1425 1465 1506 1498 quae
1536 1459 1623 1488 reeta
1648 1460 1678 1487 et
1710 1464 1787 1487 sana
1810 1458 1901 1494 sunt,
1926 1463 1979 1486 sa-

1240 1507 1343 1551 piant;
1367 1518 1431 1540 non
1457 1513 1563 1541 tamen
1590 1507 1842 1551 permittendum
1867 1512 1924 1547 est,
1947 1512 1982 1540 ut

1240 1560 1410 1604 quisquam
1431 1566 1519 1593 extra
1541 1561 1771 1594 sacerdotalem
1788 1559 1807 1576 ¹¹
1829 1559 1977 1593 ordinem

1240 1614 1431 1647 constitutus
1455 1614 1590 1656 gradum
1619 1614 1679 1646 sibi
1708 1613 1940 1657 praedicatoris
1961 1611 1983 1630 ¹⁴⁴

1239 1672 1391 1707 assumat,
1409 1677 1480 1701 cuin
1507 1667 1538 1700 in
1560 1667 1699 1700 Ecclesia
1723 1667 1777 1700 Dei
1803 1666 1913 1700 omnia
1932 1676 1984 1700 or-

1241 1722 1350 1755 dinata
1375 1732 1442 1754 esse
1467 1721 1655 1761 conveniat,
1679 1727 1713 1755 ut
1735 1722 1766 1754 in
1786 1731 1850 1754 uno
1867 1720 1982 1755 Christi
1996 1752 2023 1773 m
2035 1725 2195 1779 {2:313353‘1·

1241 1785 1377 1819 corpore
1402 1781 1432 1807 et
1459 1775 1684 1808 excellentiora
1713 1775 1860 1808 membra
1888 1784 1982 1808 suum
1996 1779 2051 1800 cium
2066 1785 2127 1801 suum
2140 1785 2185 1800 cu·
2236 1778 2238 1783 '

1997 1811 2038 1832 que
2046 1805 2140 1828 membro
2150 1807 2195 1834 ent*

1241 1828 1382 1862 officium
1410 1829 1585 1872 impleant,
1609 1834 1637 1861 et
1659 1828 1811 1861 inferiora
1837 1827 1980 1872 superio·
1997 1832 2160 1860 adimet-ndum-

1241 1882 1328 1915 ribus
1346 1892 1411 1916 non
1437 1883 1602 1915 resultent.

1284 1935 1362 1968 Data
1380 1945 1416 1968 111
1438 1933 1540 1968 idus¹³
1555 1934 1648 1972 Iunii,
1669 1934 1816 1978 Opilione
1835 1934 1903 1968 viro
1917 1934 1982 1968 cla-

1241 1988 1367 2022 rissimo
1389 1989 1531 2022 consule.

1275 2052 1336 2079 Dat.
1357 2051 1400 2079 die
1422 2052 1449 2079 11
1473 2051 1554 2086 Iunii,
1576 2059 1619 2079 an.
1636 2051 1697 2079 453.

1241 2149 1359 2177 tionibus
1383 2149 1461 2176 nobis
1483 2149 1622 2177 adhaeret.
1639 2149 1700 2176 Vid.
1718 2148 1844 2176 Balleriu.
1868 2148 1920 2176 lor..
1937 2147 1983 2174 cit.

1275 2190 1291 2217 6
1310 2200 1323 2214 <‹
1339 2189 1438 2216 Eadem
1455 2189 1520 2216 edit.
1536 2190 1685 2224 prospeoeic
1699 2198 1735 2216 ne
1755 2190 1817 2217 ulla
1832 2197 1879 2224 pro
1895 2196 1985 2224 popo-

1241 2226 1359 2253 seitut».
1372 2225 1496 2252 Ballerin.
1514 2225 1563 2252 col.
1582 2226 1658 2253 1216.
1678 2225 1789 2252 Rectius
1806 2224 1909 2252 videtur
1921 2232 1948 2250 n.
1965 2224 1984 2250 Ι.

1276 2266 1291 2291 7
1312 2265 1382 2292 Edit.
1398 2265 1526 2292 Ballerin.
1548 2265 1679 2292 mendose
1694 2265 1824 2300 epistola.

1276 2301 1291 2327 8
1314 2311 1324 2326 ot
1342 2301 1412 2328 Male
1431 2301 1567 2332 Quesnell.
1584 2309 1644 2328 cum
1673 2301 1736 2336 aliq.
1753 2301 1813 2328 cod.
1841 2300 1983 2335 defensio-

1242 2336 1288 2363 nis
1302 2348 1328 2363 υ.
1350 2337 1476 2363 Ballerin.
1493 2337 1508 2363 l.
1522 2345 1543 2363 e.
1562 2340 1589 2363 ct
1604 2336 1720 2364 Caeciar.
1755 2344 1797 2372 ag.
1815 2335 1876 2364 360.

1276 2372 1292 2399 9
1310 2382 1322 2397 tt
1345 2371 1432 2399 Prima
1445 2372 1509 2399 edit.
1539 2372 1676 2403 Quesnell.
1697 2344 1937 2406 suti'scriptionem
1960 2379 1984 2397 ι.

1245 2407 1368 2443 Ballerin.
1390 2408 1407 2434 l.
1425 2416 1448 2434 c.
1466 2407 1534 2435 Sane
1549 2412 1622 2434 recte
1638 2408 1671 2435 ad
1688 2415 1759 2435 sens.
1775 2415 1802 2434 n.
1821 2407 1838 2434 Ι.

1279 2443 1312 2470 10
1329 2452 1340 2469 α
1359 2443 1398 2470 ΑΙ.
1414 2443 1452 2470 sil
1469 2453 1492 2469 ».
1510 2443 1635 2471 Ballerin.
1652 2443 1702 2470 col.
1723 2443 1798 2469 1217.

1280 2479 1306 2505 ll
1331 2489 1342 2502 α
1362 2479 1401 2505 ΑΙ.
1419 2478 1597 2506 sacerdotum
1613 2487 1637 2505 x».
1654 2478 1779 2506 Ballerin.
1796 2478 1815 2505 Ι.
1832 2487 1856 2505 c.

1280 2514 1311 2540 12
1332 2526 1343 2538 «ι
1359 2514 1398 2540 ΑΙ.
1411 2524 1437 2540 ».
1451 2514 1682 2549 praedicationis
1700 2523 1724 2540 n.
1741 2513 1867 2541 Ballerin.
1884 2513 1902 2540 Ι.
1918 2521 1941 2540 c.

1279 2550 1312 2577 13
1327 2549 1444 2577 Cacciar.
1479 2558 1521 2584 ag.
1538 2550 1586 2577 361
1603 2557 1664 2577 cum
1679 2549 1815 2580 Ouesuell.
1832 2549 1872 2577 IV
1886 2548 1970 2576 [due.

1243 2584 1309 2612 Jass'e
1322 2592 1367 2620 op.
1383 2593 1407 2612 c.
1424 2558 1502 2614 nossis
1523 2584 1646 2614 assentit.
