2244 3183
71 216 122 249 An.
138 220 166 248 C.
183 216 232 250 531

89 815 150 837 Cath.
158 814 212 836 fides
220 821 257 836 cu-

71 842 197 866 stodienda.

99 1135 164 1157 Cuius
183 1135 258 1156 vindex

74 1165 106 1183 en
121 1164 159 1190 Ap.
173 1162 250 1184 Sedes.

859 220 885 242 S.
910 218 1097 243 BONlFACIL'S
1118 219 1140 242 11
1162 219 1213 243 PP.

268 269 433 302 Romanae
450 267 612 302 Ecclesiae
632 272 762 312 petens,
779 266 1014 299 subscribendo

267 331 332 355 una
341 332 414 355 cum
425 321 559 365 collegis
569 321 646 362 suis,
658 319 820 354 damnavit
836 319 1014 363 apostolica

268 375 460 410 auctoritate
490 385 604 409 omnes
633 373 820 418 scripturas,
849 383 931 417 quae
953 373 1011 405 ad-

267 439 379 463 versus
398 430 564 463 Romanae
588 427 749 461 Ecclesiae
774 426 942 471 privilegia
963 426 1011 458 fa-

268 489 339 517 ctae
356 482 512 528 quoquo¹
533 482 666 526 ingenio
687 482 829 515 suerunt.

269 590 586 634 Ezemplarprecum
604 589 735 623 Eulalia·
747 588 768 629 ²,
789 593 817 622 el
831 588 1017 621 Iustiniani

451 643 617 688 praedicti
633 643 797 688 principis
807 642 827 675 ³.

321 764 334 784 e
352 751 461 785 Prima
491 751 576 784 salus
594 757 652 792 est,
676 756 783 784 rectae
805 748 902 783 fidei⁴
922 759 1017 792 regu-

271 806 335 839 lam
361 805 541 846 custodire,
563 811 593 838 et
623 816 641 838 a
671 804 854 838 constitutis
884 803 1015 836 Patrum

271 861 456 894 nullatenus
481 859 630 900 dcviare;
656 859 709 892 et⁵
730 858 805 902 quia
825 867 890 891 non
911 863 1016 901 potest

270 914 398 948 Domini
430 913 532 947 nostri
563 914 635 946 Iesu
663 912 778 946 Christi
800 911 1017 956 praetermitti

271 967 444 1008 sententia,
468 966 623 1000 dicentis:
651 967 699 999 Tu
719 976 750 999 es
768 967 898 1005 Petrus,
920 969 948 998 et
964 976 1017 997 su-

268 1032 328 1065 per
361 1022 446 1054 hanc
471 1025 601 1064 petram
630 1020 807 1062 aedificabo
840 1019 1018 1052 Ecclesiam

271 1075 410 1108 meam&
430 1075 468 1108 Et
485 1074 576 1113 haec,
593 1084 675 1118 quae
693 1073 777 1107 dicta
798 1079 884 1112 sunt,
908 1083 1015 1106 rerum

272 1128 453 1172 probantur
478 1127 662 1167 effectibus,
686 1127 762 1170 quia
785 1127 816 1159 in
837 1127 918 1160 Sede
941 1136 1019 1170 apo-

274 1181 386 1215 stolica
408 1188 496 1215 extra
517 1181 677 1214 maculam
696 1191 824 1223 semper
842 1185 889 1213 cst
909 1180 1019 1213 catho-

274 1235 336 1268 lica
363 1241 488 1268 servata
521 1234 645 1277 religio.
670 1234 713 1267 De
744 1244 807 1277 qua
827 1244 882 1277 spe
905 1239 935 1266 et
956 1233 1018 1266 fide

312 1379 322 1404 t
348 1387 359 1403 a
374 1379 558 1412 Quocumque
572 1377 685 1412 inqenio
701 1387 726 1402 ».
749 1376 799 1402 Cit.
820 1376 881 1403 cod.
905 1375 982 1403 1344.

310 1423 326 1449 2
347 1422 417 1449 Van.
439 1422 518 1449 codd.
539 1421 709 1449 substituunt
729 1422 799 1448 etus.

311 1466 327 1493 3
347 1465 384 1493 Ex
405 1467 450 1493 cit.
476 1474 519 1502 ep.
541 1465 702 1493 Hormisdae
723 1469 798 1491 certo
820 1469 924 1492 constat
944 1465 1020 1491 Ioan-

276 1519 338 1538 nem
354 1510 407 1538 CP.
430 1510 552 1538 libellum
573 1510 750 1545 professionis
771 1510 832 1536 tidei
854 1515 879 1536 et
899 1518 1019 1536 commu-

276 1556 364 1583 nionis
389 1555 422 1582 ad
443 1556 530 1591 ipsum
552 1555 721 1582 Hormisdam
742 1555 866 1588 dedisse,
890 1559 918 1582 et
942 1555 1018 1581 simul

275 1600 409 1627 lustinum
438 1600 564 1636 imperat.
593 1607 685 1627 sacras
715 1599 808 1626 literas
836 1599 869 1626 ad
895 1599 1020 1626 eumdem

276 1644 355 1673 Pont.
366 1644 484 1678 misisse;
497 1648 523 1672 et
534 1648 590 1671 tum
602 1644 686 1671 libelli
702 1647 757 1670 tum
774 1644 913 1671 literarum
930 1652 1020 1671 exem-

277 1690 363 1726 plaria
377 1690 417 1718 illi
433 1690 566 1726 epistolae
581 1689 688 1725 adjecta
705 1689 788 1716 fuisse
808 1690 906 1717 exinde
927 1690 1018 1725 argui—

277 1739 330 1762 tur.
348 1734 473 1762 Fortasse
487 1734 520 1762 ad
536 1734 623 1761 instar
639 1734 710 1761 illius
730 1733 815 1761 libelli
837 1733 888 1760 lioc
909 1742 1019 1769 precum

277 1778 374 1807 Eulalii
395 1783 421 1806 et
440 1778 582 1806 Iustiniani
597 1778 735 1814 exemplar
750 1778 896 1806 confictum
912 1778 971 1805 suit.

313 1824 329 1850 Δ,
354 1823 426 1851 Haec
449 1830 538 1859 usque
566 1822 600 1850 ad
627 1823 711 1850 verba
739 1823 1021 1851 anathematizamus

277 1878 377 1898 omnes
391 1869 484 1897 videre
500 1873 542 1897 est
556 1869 583 1896 in
599 1869 691 1896 libello
708 1869 740 1895 ad
753 1869 819 1896 calc.
832 1868 962 1904 epistolae
977 1875 1021 1895 xxv

278 1914 415 1941 Hormisd.
437 1913 470 1941 ad
492 1914 576 1949 episc.
601 1912 744 1949 Hispaniae
761 1921 821 1948 pag.
842 1913 893 1940 393
910 1912 936 1939 h.
956 1914 1019 1946 i·ol.;

278 1959 325 1995 qui
348 1958 455 1986 libellus
479 1958 550 1986 idem
574 1958 674 1992 legitur
698 1963 725 1985 et
747 1957 780 1984 ad
802 1957 867 1984 calc.
892 1958 970 1993 epist.
997 1965 1020 1985 tx

278 2003 363 2040 ipsius
380 2003 471 2031 Horm.
490 2003 523 2030 ad
539 2003 631 2031 loann.
650 2002 762 2038 Nicopol
779 2024 785 2035 ,
802 2007 831 2029 ut
850 2002 952 2030 dictum
973 2003 1020 2030 fuit

278 2056 340 2085 pag.
365 2048 417 2075 385
440 2047 466 2074 h.
486 2047 548 2082 vol.‚
570 2052 596 2074 et
616 2047 693 2084 plene
716 2047 863 2074 concordat
883 2055 943 2074 cum
965 2047 1020 2074 for-

279 2094 352 2121 mula
366 2093 428 2121 fidei
444 2102 524 2130 quam
540 2093 612 2121 idem
624 2093 771 2120 Hormisda
781 2101 830 2129 per
841 2101 904 2120 suos
920 2094 1021 2128 legatos

279 2138 456 2165 orientalibus
479 2137 706 2166 subscribendam
726 2137 885 2171 tradiderat,
907 2146 1021 2173 eamque

279 2183 365 2211 refert
384 2182 483 2211 Baron.
505 2182 538 2210 ad
558 2191 601 2210 an.
623 2183 674 2209 517
690 2191 719 2209 n.
735 2189 809 2209 xxxi.
833 2182 915 2209 Porro
935 2183 1021 2209 scien-

280 2229 344 2255 dum
369 2232 409 2255 est
430 2236 527 2264 reapse
550 2228 728 2255 lustinianum
752 2228 945 2263 imperatorem
969 2236 1021 2255 una

280 2276 307 2299 et
325 2272 411 2299 altera
430 2272 489 2299 vice
509 2272 542 2299 ad
564 2273 716 2308 Agapetum
732 2271 831 2299 Pontis.
847 2280 910 2299 ann.
928 2272 980 2299 535
996 2276 1021 2299 et

279 2317 332 2345 536
362 2317 424 2344 lidei
447 2317 643 2353 professionem
667 2316 793 2350 dedisse,
819 2325 890 2352 quae,
910 2317 1018 2352 incipit:

279 2363 383 2390 Prima
400 2364 479 2390 salus
494 2366 545 2396 est,
561 2366 655 2391 rectae
670 2363 739 2397 fidei
754 2367 804 2390 etc.
822 2368 850 2390 nt
871 2363 963 2390 videre
983 2366 1022 2389 est

280 2409 351 2445 apud
372 2408 457 2435 Labb.
481 2412 543 2435 tom.
565 2415 591 2439 v,
613 2416 672 2444 pag.
689 2408 741 2434 9:38
761 2412 788 2434 ct
807 2408 868 2435 947.
891 2408 1022 2435 liaronins

280 2454 317 2481 ait
336 2453 368 2480 ad
389 2461 452 2480 alin.
474 2453 526 2479 535
547 2461 572 2479 n.
595 2461 662 2479 xxxv
683 2452 860 2479 lustiiiianum
883 2453 932 2479 boc
952 2461 1021 2480 anno

280 2497 476 2533 subscripsisse
506 2497 581 2524 illam
611 2497 698 2532 ipsam
733 2497 844 2532 primam
878 2498 1020 2524 formulam

281 2550 362 2578 quam
380 2541 522 2570 llormisda
534 2550 581 2577 per
593 2541 695 2577 legatos
707 2541 922 2577 praescripserat
933 2542 1022 2570 orien-

281 2586 382 2614 talibus
398 2595 477 2622 quae,
490 2590 519 2613 ut
533 2586 659 2621 diximus,
672 2585 766 2613 eadem
778 2589 818 2613 est
829 2594 891 2613 cum
908 2595 939 2614 ea
954 2594 1023 2621 qnae

281 2631 381 2667 legitur
402 2632 432 2658 ad
449 2632 515 2658 calc.
534 2631 611 2667 epist.
630 2637 655 2657 ix
671 2635 696 2658 et
714 2638 759 2658 xiv
776 2630 934 2658 llormisdae
954 2639 1023 2666 quae

1698 204 1763 239 483

1049 266 1183 299 minime
1213 265 1357 310 separari
1383 265 1570 309 cupientes,
1603 269 1634 297 et
1662 263 1793 297 Patrum

1048 326 1222 363 sequentes
1265 320 1439 353 constituta
1483 317 1793 352 anathematizamus

1049 383 1163 406 omnes
1183 374 1252 417 (qui
1271 380 1386 407 contra
1407 379 1550 407 sanctam
1565 373 1745 406 Romanam
1764 377 1793 404 et

1049 427 1259 470 apostolicam
1280 427 1455 460 Ecclesiam
1477 425 1695 471 superbiendo
1721 435 1794 458 suas

1050 479 1177 522 erigunt
1191 479 1373 522 cervices⁷);
1393 479 1585 523 sequentes⁸
1597 479 1629 512 in
1643 478 1795 512 omnibus

1050 533 1266 576 Apostolicam
1289 533 1416 574 sedem,
1435 540 1461 567 et
1482 534 1706 578 praedicantes
1727 533 1794 566 eius

1050 586 1160 619 omnia
1179 586 1365 620 constituta.
1384 586 1421 619 Et
1438 597 1496 630 per
1516 587 1624 619 omnia
1638 597 1745 630 spero,
1760 591 1794 618 ut

1051 640 1082 672 in
1114 650 1178 672 una
1210 641 1443 673 communione
1471 640 1637 674 vobiscum
1654 668 1660 680 ⁷
1696 649 1794 685 quam

1050 693 1149 727 Sedes
1168 694 1352 737 Apostolica
1365 694 1541 738 praedicat,
1564 705 1632 728 esse
1654 703 1791 735 merear,

1052 748 1083 780 in
1104 759 1168 792 qua
1188 754 1233 781 est
1254 748 1379 791 integra
1400 754 1430 781 et
1450 758 1525 781 vera
1539 748 1733 782 christianae
1746 758 1796 781 re-

1052 801 1180 844 ligionis
1201 807 1231 835 et
1249 802 1392 845 perfecta
1408 802 1565 843 soliditas,
1583 803 1797 846 promittens⁰

1051 861 1270 899 sequestratos
1285 866 1302 888 a
1314 856 1546 889 communione
1566 856 1728 889 Ecclesiae
1746 866 1798 889 ca-

1053 910 1201 950 tholicae,
1226 910 1257 943 id
1278 908 1361 943 est¹⁰
1381 920 1445 943 non
1467 910 1707 944 consentientes
1724 910 1797 944 Sedi

1052 965 1267 1009 Apostolicae‚
1291 975 1403 998 eorum
1430 965 1563 998 nomina
1593 965 1678 998 inter
1709 975 1797 998 sacra

1052 1030 1116 1052 non
1145 1019 1310 1052 recitanda
1331 1029 1399 1052 csse
1420 1019 1583 1063 mysteria.
1607 1019 1700 1057 Quod
1720 1018 1745 1052 si
1766 1018 1796 1051 in

1053 1072 1162 1116 aliquo
1188 1084 1204 1105 n
1231 1072 1431 1116 professione
1453 1083 1525 1106 mea
1545 1072 1674 1105 deviare
1697 1077 1799 1106 tenta-

1054 1136 1140 1167 vero,
1165 1126 1214 1159 his
1235 1136 1316 1170 qnos
1337 1126 1487 1159 damnavi
1508 1126 1699 1169 complicem
1727 1135 1798 1159 mea

1053 1179 1212 1213 sententia
1233 1190 1283 1212 me
1309 1190 1377 1213 esse
1399 1179 1565 1223 profiteor.
1583 1179 1671 1212 Hanc
1691 1184 1799 1213 autem

1054 1232 1285 1276 professionem
1297 1243 1401 1266 meam
1415 1243 1513 1266 manu
1524 1243 1595 1266 mea
1608 1232 1795 1276 subscripsi,

1054 1378 1178 1413 superius
1190 1380 1353 1404 memoratae
1365 1376 1483 1403 fuerunt.
1499 1376 1595 1411 Pagius
1608 1385 1670 1403 vero
1685 1376 1718 1403 ad
1734 1385 1796 1404 ann.

1054 1422 1105 1449 535
1121 1430 1147 1448 n.
1164 1428 1200 1453 Vl,
1222 1425 1281 1456 post
1296 1421 1373 1448 Card.
1393 1421 1479 1448 Noris.
1500 1421 1525 1447 in
1541 1420 1649 1448 dissert.
1670 1421 1733 1448 hist.
1756 1421 1799 1449 De

1056 1475 1110 1492 imo
1127 1475 1162 1492 ea:
1176 1466 1317 1493 Trinitule
1333 1474 1421 1493 carne
1434 1474 1518 1500 passo
1531 1470 1607 1501 putat
1621 1466 1799 1500 lastinianum

1054 1519 1097 1537 an.
1124 1511 1176 1537 535
1199 1510 1342 1537 formulam
1371 1510 1564 1545 subscripsisse
1590 1511 1667 1546 paulo
1694 1510 1798 1546 longio-

1055 1564 1120 1585 rem.
1143 1563 1222 1590 qnam
1248 1554 1332 1582 Labb.
1354 1554 1437 1581 refert
1458 1555 1579 1581 serundo
1596 1556 1654 1582 loco
1670 1562 1731 1590 pag.
1746 1555 1798 1582 947

1055 1605 1081 1627 et
1103 1608 1183 1635 quam
1207 1599 1243 1626 ait
1263 1599 1428 1634 probabilius
1445 1599 1526 1626 fuisse
1543 1608 1558 1626 a
1572 1599 1719 1627 Iustiniano
1734 1599 1799 1627 suh·

1054 1644 1182 1679 scriptam
1198 1643 1261 1669 dum
1277 1644 1413 1678 Agapetus
1425 1643 1656 1679 Constantinopoli
1672 1643 1797 1679 degebat.

1054 1689 1105 1715 Sed
1122 1698 1214 1724 parum
1231 1689 1315 1715 rcl'ert
1331 1688 1485 1723 hujusmodi
1502 1689 1635 1724 quaestio.
1652 1688 1737 1716 Labb.
1751 1697 1800 1716 au-

1055 1737 1107 1760 tem
1124 1733 1190 1760 ibid.
1209 1741 1269 1768 pag.
1285 1733 1337 1759 038
1353 1733 1428 1768 ponit
1443 1732 1622 1760 Iustinianum
1639 1733 1727 1769 prima
1743 1733 1800 1761 vice

1054 1778 1247 1813 subscripsisse
1263 1778 1332 1805 lianc
1348 1778 1434 1813 ipsam
1449 1778 1593 1805 formulam
1609 1782 1689 1814 prout
1704 1778 1732 1805 in
1750 1778 1800 1806 hac

1055 1823 1132 1860 epist.
1158 1823 1290 1850 Bonisacii
1311 1822 1331 1849 ll
1357 1823 1399 1849 bic
1422 1823 1534 1857 legitur,
1555 1823 1614 1856 sed,
1635 1827 1664 1850 ut
1683 1823 1799 1857 videtur,

1055 1867 1178 1895 irration.

1090 1914 1106 1941 5
1127 1913 1205 1941 Forte
1222 1913 1288 1941 bace
1304 1914 1369 1941 satis
1380 1914 1542 1950 implexaita
1553 1913 1681 1949 legenda:
1695 1914 1801 1942 Prima

1054 1960 1132 1987 salus
1147 1962 1187 1987 est
1205 1980 1258 1986 .....
1278 1968 1295 1985 α
1318 1959 1479 1986 constitutis
1496 1959 1619 1986 Putrum
1633 1958 1801 1986 nullatenus

1056 2003 1181 2031 (leviare.
1199 2003 1236 2031 Et
1253 2004 1323 2038 qnia
1341 2005 1491 2038 nonpotese
1503 2003 1621 2030 Domini
1632 2003 1725 2030 nostri
1735 2002 1800 2031 Iesu

1057 2048 1165 2075 Christi
1186 2048 1389 2083 pi'aetcriizt'lti
1403 2047 1547 2075 sententia
1552 2068 1617 2081 ......
1633 2047 1711 2082 haec,
1728 2054 1801 2082 quac

1056 2093 1132 2120 dicta
1154 2096 1221 2120 sun!
1239 2114 1291 2120 .....
1311 2092 1412 2119 llevera
1428 2093 1465 2118 sic
1482 2091 1598 2119 liabetur
1613 2092 1638 2118 in
1654 2092 1698 2120 rit.
1716 2091 1798 2118 libell.

1056 2137 1192 2165 Hormisd.

1089 2182 1106 2209 6
1125 2181 1221 2209 Mattli.
1240 2190 1295 2217 xvi,
1322 2184 1362 2208 18.

1090 2229 1104 2254 7
1126 2227 1196 2254 Haec
1219 2227 1300 2254 rerba
1320 2227 1384 2261 (qui
1389 2248 1442 2253 .....
1459 2227 1592 2258 rei-vices)
1612 2235 1680 2262 qnae
1701 2235 1800 2263 paren-

1056 2272 1123 2299 thesi
1140 2272 1298 2299 inclusimus
1310 2280 1341 2298 ea
1352 2275 1413 2298 sunt
1425 2280 1495 2306 quae
1511 2271 1616 2298 diversa
1629 2280 1644 2299 a
1655 2271 1699 2299 cit.
1714 2272 1798 2300 libell.

1057 2317 1190 2345 llormisd.
1214 2317 1256 2343 liic
1276 2321 1424 2343 occurrunt
1444 2321 1470 2343 et
1491 2316 1614 2344 breviora
1635 2325 1713 2352 qnam
1734 2317 1798 2350 illic,

1056 2362 1091 2388 ibi
1113 2362 1183 2388 enim
1203 2361 1301 2396 singuli
1323 2360 1453 2388 baeretici
1476 2361 1621 2389 orientales
1641 2361 1800 2389 nominatim

1056 2407 1327 2434 anathematizantur.

1091 2452 1106 2478 8
1128 2451 1197 2478 llaec
1215 2459 1300 2486 usquc
1317 2451 1349 2477 nd
1367 2451 1441 2478 verb.
1456 2461 1544 2478 inanit
1564 2462 1625 2479 nica
1643 2453 1797 2487 snb-scripsi

1058 2497 1183 2531 leguntur
1202 2496 1300 2522 itcrnm
1322 2496 1348 2522 in
1368 2496 1427 2523 eod.
1446 2496 1550 2524 libello.

1091 2542 1107 2568 9
1123 2541 1171 2567 Cit.
1190 2541 1274 2567 libell.
1292 2540 1430 2568 Ilormisd.
1447 2541 1519 2568 addit
1538 2543 1564 2567 iii
1583 2543 1713 2576 sequenti
1731 2545 1799 2570 lem-

1055 2594 1136 2621 porr.

1091 2632 1126 2658 10
1146 2631 1208 2657 cod.
1234 2632 1308 2658 1:344.
1332 2631 1403 2658 addit
1425 2633 1454 2660 in
1477 2633 1618 2660 omnibu-3.

1826 213 1878 241 An.
1889 213 1920 242 C.
1942 212 1991 240 531

1864 581 1996 608 Quicumque

1811 615 1815 629 i
1833 609 1996 634 tturcuutsaAp.

1810 636 1868 656 hcet.
1892 635 1996 660 nuperbit¹

1811 662 1837 683 ab
1860 662 1951 686 Eulalio,
1975 665 1997 682 οι

1810 689 1928 710 Iustiniano
1945 693 1996 709 ann·

1810 715 1966 737 thematizatur.
