2244 3183
56 270 106 296 An.
123 268 151 295 C.
167 266 220 293 476

75 1072 179 1093 Timothei
191 1078 236 1093 exe-

52 1100 138 1120 crabilis
148 1100 236 1120 insania.

864 263 889 286 S.
915 263 1095 288 SIMPLICIL'S
1115 265 1165 288 PP.

254 313 361 347 debita
383 312 492 357 pietati
518 311 670 345 nostrae¹
705 310 866 344 continuis
889 311 994 344 officia

254 368 378 401 deferre
399 366 580 410 colloquiis.
605 366 667 399 Sed
684 375 758 399 eum
779 364 819 397 ad
837 363 932 396 huius
948 363 995 395 in-

255 421 405 455 tentionis
427 426 634 463 augmentum
661 419 758 453 etiam
784 428 894 452 sacrae
919 428 995 450 eura

253 475 419 515 relie'ionis
441 475 583 515 00001101,
607 473 689 507 ratio
711 472 789 506 mihi
804 471 924 514 negotii
939 481 996 514 po-

255 529 343 561 tioris¹
365 527 692 569 1111ῑ111111111,11151111111
712 525 994 559 honorificentiam

252 582 344 615 vobis
364 593 466 626 prona
487 587 593 614 mente
614 581 806 624 persolvam,
831 586 861 612 et
885 589 996 611 causas

252 635 593 669 fidelite1*²insi1]t1emz
613 634 688 678 quia
703 645 752 667 me
771 634 810 666 ad
824 639 996 675 utramque

253 689 300 721 vel
322 689 426 721 dicata
449 688 544 721 trahit
564 687 756 721 elementiae
777 693 899 720 vestrae
913 696 996 719 sem-

253 753 311 786 per
332 742 471 782 affectio,
497 742 544 774 vel
564 747 728 785 respectus
749 740 872 774 ordinis
891 740 953 773 mei
967 745 993 772 et

253 795 421 839 apostolici
441 795 673 828 moderaminis
694 794 877 828 sollicitudo
902 804 993 827 com-

253 850 354 894 pellit.

297 902 327 935 1.
347 904 487 936 Functus
502 902 610 945 igitur,
627 901 858 944 gloriosissime
870 912 906 934 ae
931 901 996 934 010-

253 955 452 989 mentissime
473 956 518 988 fili
538 955 718 999 imperator
742 956 896 997 Auguste,
925 966 996 987 mu-

252 1020 330 1043 nere
351 1009 524 1050 salutandi,
540 1020 622 1053 quae
644 1009 674 1041 in
694 1009 837 1042 ecclesiis
858 1008 996 1042 Orientis

251 1074 309 1107 per
322 1063 559 1096 haeretieorum
577 1062 747 1095 latrocinia
768 1062 910 1095 recidiva
925 1073 996 1095 rur-

251 1128 304 1150 sus
315 1117 625 1151 dicunturseandala
640 1117 807 1156 0011011011,
822 1127 881 1150 nee
894 1117 996 1150 debeo

251 1171 356 1211 silere,
374 1182 433 1205 nec
452 1181 593 1215 possum.
618 1171 708 1209 Nam,
735 1171 817 1203 sieut
838 1170 868 1202 in
891 1181 995 1203 meam

251 1225 399 1258 notitiam
433 1225 622 1258 serventium
655 1235 714 1268 pro
745 1224 808 1257 fide
838 1224 996 1257 catholiea

253 1279 438 1311 detulerunt
455 1279 572 1322 scripta
586 1279 833 1318 monachorum,
851 1278 995 1321 comperi

252 1332 456 1365 Timotheum
470 1332 677 1376 parricidam,
696 1332 750 1375 qui
763 1331 976 1376 Aegyptiacae
986 1330 997 1346 ‘³

252 1386 378 1429 pridem
401 1391 541 1418 vastator
561 1385 716 1418 ecelesiae
732 1385 762 1417 in
777 1395 900 1418 morem
921 1385 995 1418 Cain

254 1439 305 1481 (ut
326 1439 420 1471 100110
434 1438 539 1471 divina
555 1439 701 1481 testatur)
715 1438 725 1454 ⁴
739 1438 860 1471 eiectus
878 1449 896 1470 a
918 1437 996 1470 l'aeie

252 1492 319 1532 Dei,
342 1492 403 1525 hoc
425 1497 471 1524 est
487 1492 526 1525 ab
547 1492 709 1525 Ecclesiae
724 1491 879 1534 (lignitate
891 1492 994 1524 seclu-

254 1557 318 1587 sus,
343 1552 373 1579 et
394 1547 455 1579 iam
478 1557 535 1590 per
556 1547 682 1579 deserta
695 1557 805 1588 vagus,
822 1546 996 1579 5001010100

255 1600 471 1633 eonscientiae
501 1600 555 1633 diu
582 1605 744 1633 tormenta
772 1610 936 1643 passurus,
965 1599 996 1631 in

250 1647 384 1687 vexilium
409 1653 532 1698 proprii
555 1654 674 1687 erroris
695 1653 853 1686 abductus
867 1658 923 1693 est,
940 1664 993 1686 re·-

253 1707 389 1751 sumptis
416 1707 542 1751 pristini
571 1707 687 1740 suroris
717 1707 884 1747 incendiis,
914 1717 994 1740 eon-

255 1761 345 1794 flasse
363 1761 574 1794 nihilominus
595 1761 724 1803 agmina
746 1761 948 1804 perditorum
968 1766 998 1793 et

253 1815 490 1848 Alexandrinae
510 1814 601 1848 urbis
621 1815 804 1855 ecelesiam,
828 1825 924 1859 quam
946 1825 996 1847 sa-

254 1868 408 1901 cerdotali
422 1869 508 1912 prius
523 1868 678 1911 sanguine
686 1868 876 1909 cruentavit,
893 1868 995 1912 ipsum

254 1921 362 1954 denuo
383 1932 469 1954 nune
494 1927 662 1955 cruentum
685 1922 874 1965 depulsione
899 1921 994 1963 legit-

255 1974 324 2007 timi
345 1975 523 2018 pervasisse
543 1975 717 2019 pontificis:
743 1982 777 2008 111
797 1976 847 2009 0111
867 1976 921 2008 illa
945 1986 996 2008 re-

255 2030 424 2071 legationis
445 2030 610 2063 humilitas
636 2030 768 2063 iniieere
789 2030 937 2063 debuerit
961 2042 996 2063 ex

255 2083 304 2124 iis,
325 2094 408 2127 quae
429 2084 527 2128 impie
548 2089 700 2125 gesserat,
717 2084 864 2118 aculeum
879 2084 995 2128 poeni-

255 2138 354 2178 tendi,
383 2138 548 2171 nutriendi
566 2138 575 2154 ⁵
596 2138 702 2182 potius
728 2138 794 2171 otia
820 2138 969 2172 tribuisse
988 2139 998 2155 ⁶

253 2191 402 2225 videatur
420 2192 589 2225 atrocioris
608 2192 769 2226 insaniae:
794 2203 858 2236 quo
884 2192 996 2236 proeul

254 2245 353 2278 dubio
374 2245 449 2278 Cain
476 2246 546 2289 ipso
572 2246 667 2287 longe
693 2246 913 2279 detestabilior
935 2256 993 2289 ap-

254 2299 420 2342 probatur.
446 2300 500 2332 Ille
520 2299 680 2343 siquidem
702 2310 719 2332 a
737 2305 922 2343 perpetrato
947 2310 997 2333 se-

292 2406 300 2431 1
321 2404 360 2432 ΑΙ.
377 2408 497 2432 vestrae.
518 2405 586 2432 Sane
603 2405 714 2432 ret-tius.

289 2445 305 2472 2
321 2445 361 2472 Al.
378 2446 509 2480 fidenter.
522 2446 686 2473 Concinnius
701 2446 733 2473 ad
748 2449 863 2474 context.
882 2447 996 2474 videtur.

289 2487 305 2513 3
322 2486 362 2513 ΑΙ.
380 2486 545 2520 Aegyptiae.

288 2527 306 2553 4
321 2526 385 2553 Gen.
407 2533 443 2560 tv,
462 2526 502 2553 14.

289 2566 306 2592 5
325 2565 389 2593 Cod.
408 2566 465 2592 Vat.
487 2566 556 2593 3786
572 2567 754 2594 nutriendae.

290 2608 306 2633 ὕ
320 2605 363 2632 Al.
378 2606 558 2641 praebuisse.

290 2645 304 2672 7
325 2645 374 2672 cit.
392 2645 451 2673 cod.
474 2655 533 2673 00111
549 2646 583 2673 al.
605 2646 669 2673 edit.
685 2647 813 2682 proficit.
831 2646 909 2675 Forte
925 2655 998 2675 ama-

256 2689 352 2708 nuens.
374 2682 482 2708 mendo.

324 2736 398 2771 App.
420 2735 497 2764 Ball.
520 2737 601 2764 Rom.
623 2752 656 2757 --
682 2737 740 2765 Vol.
762 2737 786 2763 l.
931 2736 964 2764 27

1675 252 1739 286 209

1030 312 1090 343 mel
1107 312 1246 345 facinore
1261 312 1430 345 damnatus
1448 311 1612 351 abstinuit,
1633 310 1683 343 hie
1697 322 1771 354 pro-

1029 365 1103 398 fecit
1121 366 1131 382 ⁷
1150 366 1189 398 011
1211 365 1348 398 erimina
1374 365 1497 398 maiora
1521 371 1591 409 post
1618 375 1767 408 poenam.

1074 419 1105 452 2.
1128 420 1192 453 Nee
1214 430 1251 453 eo
1277 425 1385 453 tamen
1409 420 1569 453 scelerum
1602 418 1667 452 fine
1693 429 1771 452 eon-
1812 434 1974 454 musii—„mm

1788 462 1869 481 §velum

1030 478 1136 506 tentus
1155 474 1545 518 Constantinopolitanam
1565 473 1698 518 insuper
1720 484 1772 506 ur-

1029 527 1102 560 bem
1124 527 1203 560 recti
1232 538 1360 571 semper
1387 527 1548 570 dogmatis
1573 538 1683 560 amore
1710 529 1770 560 lla-

1030 585 1189 621 mantem,
1211 591 1250 612 ne
1269 581 1344 623 quid
1362 581 1586 614 intemeratum
1603 581 1775 624 populator

1030 634 1192 666 humanae
1214 634 1323 666 salutis
1347 634 1527 671 omitteret,
1553 634 1770 667 [οι-1111011110-

1031 693 1097 721 0101
1118 688 1291 730 ingressus,
1315 693 1341 719 et
1359 698 1375 720 a
1389 698 1465 720 suae
1486 689 1688 721 consortibus
1702 700 1774 732 pra-

1031 740 1136 773 vitatis
1156 740 1295 773 libenter
1316 740 1442 772 audisse
1463 741 1522 773 soli
1538 741 1664 773 Christo
1686 742 1775 773 delii-

1032 801 1094 828 tam
1117 805 1240 834 vocem,
1266 806 1328 838 qua
1350 795 1444 838 plane
1462 794 1472 810 ²⁵
1492 805 1557 827 non
1585 794 1614 827 111
1643 795 1775 827 nomine

1030 849 1156 882 Domini
1178 847 1286 881 venire
1299 848 1500 885 benedictus,
1521 848 1574 880 sed
1591 848 1689 880 divini
1707 848 1775 880 eul-

1031 902 1126 935 minis
1146 907 1320 945 usurpator
1334 900 1498 933 evidenter
1512 906 1558 934 051,
1579 906 1776 933 monstratus

1030 955 1254 988 Antichristus:
1267 954 1401 998 quieum
1415 954 1510 987 etiam
1522 954 1776 986 aeommunione

1030 1009 1189 1042 catholiea
1208 1014 1270 1041 tam
1293 1008 1500 1041 laudabiliter
1513 1013 1593 1041 esset
1613 1008 1770 1047 exclusus,

1030 1073 1088 1106 per
1098 1062 1314 1106 quorumdam
1328 1061 1468 1104 privatas
1479 1061 1604 1101 domos,
1623 1061 1776 1104 respersis

1030 1116 1173 1149 humano
1202 1115 1359 1157 sanguine
1392 1115 1551 1154 manibus,
1579 1125 1643 1147 11011
1669 1114 1777 1147 divina

1030 1170 1198 1210 sacrificia,
1222 1170 1277 1203 secl
1303 1169 1471 1211 sacrilegia
1496 1170 1676 1202 celebrasse
1703 1180 1773 1202 me-

1031 1230 1187 1260 moratur:
1213 1224 1244 1256 in
1266 1234 1330 1267 quo
1352 1224 1464 1267 utique
1486 1234 1552 1256 non
1567 1229 1611 1256 est
1635 1223 1702 1256 eius
1724 1223 1776 1255 tir-

1032 1285 1115 1311 mata
1136 1277 1308 1321 susceptio.
1325 1278 1379 1310 sed
1394 1277 1598 1310 consciorum
1612 1277 1774 1319 divulgata

1030 1331 1172 1376 proditio
1201 1342 1273 1364 00111
1302 1331 1416 1364 eodem
1448 1332 1486 1364 de
1519 1331 1571 1362 illa
1598 1330 1776 1373 iniquitatis

1030 1386 1116 1421 sede,
1142 1385 1201 1417 nisi
1231 1385 1242 1400 ⁰
1273 1384 1473 1427 resipiscant,
1508 1383 1697 1416 omnimode
1723 1393 1776 1416 ea-

1030 1449 1121 1471 suros
1140 1437 1172 1477 ¹⁰,
1194 1448 1304 1481 quam,
1326 1437 1405 1469 sieut
1434 1437 1581 1469 diabolus
1599 1441 1691 1480 pater
1709 1436 1777 1469 eius

1030 1492 1193 1525 Altissimo
1214 1491 1350 1524 5110110111
1369 1502 1401 1523 se
1422 1491 1552 1531 faciens,
1577 1496 1743 1523 aeternum
1757 1489 1776 1505 ¹¹

1030 1547 1089 1580 sibi
1119 1546 1262 1590 perfidus
1291 1551 1478 1578 construere
1503 1554 1567 1577 non
1594 1544 1711 1577 desinit
1737 1544 1775 1576 ad

1031 1600 1169 1633 ruinam.

1074 1652 1105 1686 53.
1136 1653 1229 1693 11000,
1259 1652 1450 1685 venerabilis
1476 1651 1673 1694 imperator,
1701 1661 1773 1683 eum

1031 1708 1160 1740 horreat
1194 1706 1321 1739 animus
1351 1706 1399 1738 vel
1427 1716 1444 1737 0
1473 1711 1561 1738 101110
1593 1705 1773 1745 gladiatore

1031 1761 1127 1794 fuisse
1154 1766 1291 1798 tentata,
1324 1760 1465 1792 maximo
1488 1765 1615 1797 tamen,
1650 1760 1771 1796 l'ateor,

1030 1821 1162 1859 stupore
1176 1815 1332 1855 detineor,
1344 1814 1402 1846 suh
1415 1819 1537 1846 vestrae
1549 1813 1675 1857 pietatis
1685 1823 1776 1856 aspe-

1031 1869 1136 1903 ctibus
1157 1868 1301 1913 potuisse
1323 1867 1494 1901 committi.
1519 1867 1594 1906 Quis
1613 1867 1698 1899 enim
1721 1868 1776 1900 (le-

1031 1929 1136 1956 11010111
1169 1933 1297 1966 semper
1336 1922 1401 1954 Deo
1438 1920 1628 1954 elementiae
1652 1926 1776 1954 vestrae

1032 1982 1172 2010 mentem
1202 1982 1231 2009 et
1260 1975 1447 2009 orthodoxis
1468 1975 1609 2008 deditam
1642 1974 1772 2016 regulis,

1031 2037 1083 2064 aut
1100 2031 1237 2073 ignoret,
1252 2036 1307 2063 aut
1324 2029 1483 2071 ambigat?
1504 2029 1628 2073 Quippe
1649 2029 1703 2072 qui
1725 2040 1777 2061 su-

1032 2094 1151 2128 pernae
1181 2083 1393 2127 dispositione
1424 2082 1667 2126 providentiae,
1695 2082 1777 2115 sicut,

1031 2148 1089 2182 pro
1110 2137 1249 2171 utilitate
1267 2137 1397 2181 publiea
1418 2142 1573 2179 augustae
1599 2135 1776 2169 memoriae

1031 2192 1181 2225 Marciani
1203 2192 1325 2235 pariter
1345 2197 1376 2224 et
1396 2190 1510 2224 Leon1s
1532 2190 1649 2223 eruditi
1670 2190 1773 2222 virtu-

1032 2245 1127 2286 tibus,
1151 2246 1196 2279 sie
1212 2256 1324 2278 eorum
1341 2245 1408 2277 sitis
1420 2245 1514 2277 etiam
1530 2245 1568 2277 ad
1583 2243 1774 2276 catholicam

1032 2299 1197 2332 veritatem
1212 2298 1360 2332 sensibus
1375 2297 1521 2331 instituti:
1544 2308 1604 2331 nee
1625 2297 1775 2341 cuiquam

1067 2405 1083 2431 8
1100 2416 1111 2429 «
1131 2404 1179 2431 Ed.
1199 2404 1347 2440 probatior.
1360 2405 1442 2439 plene
1458 2415 1483 2431 ».
1505 2404 1579 2432 Cont.
1607 2404 1698 2432 Const.
1713 2404 1733 2431 Ι,
1752 2413 1775 2430 e.

1032 2445 1173 2472 nobiscum
1194 2445 1246 2480 leg.

1066 2486 1083 2511 9
1099 2485 1138 2512 ld.
1157 2485 1215 2512 eod.
1232 2485 1359 2512 nonm'si.

1069 2527 1101 2553 10
1119 2538 1130 2551 <r
1150 2526 1187 2553 lta
1197 2525 1274 2558 edits,
1291 2525 1338 2552 sed
1350 2533 1400 2560 ope
1414 2534 1475 2552 mss.
1492 2526 1573 2552 Vatic.
1585 2526 1726 2561 legendum
1738 2529 1779 2553 est.

1032 2567 1194 2594 omnimode
1209 2574 1379 2594 casurorum
1398 2578 1419 2593 11.
1438 2566 1513 2593 Cont.
1527 2567 1617 2593 Const.
1631 2567 1646 2593 l.
1664 2576 1688 2593 0.
1709 2567 1778 2602 Apte

1032 2607 1141 2642 quidem
1158 2606 1190 2633 ad
1204 2610 1309 2641 syntax.

1069 2648 1094 2687 11
1115 2647 1196 2681 Ihid.,
1213 2647 1257 2674 eit.
1271 2646 1330 2673 cod.
1343 2646 1516 2683 suffragante,
1533 2650 1723 2675 aeternam...
1742 2648 1779 2675 ad

1033 2691 1164 2711 rumam.

1805 262 1852 289 An.
1875 263 1902 290 C.
1922 264 1972 292 476

1804 1664 1833 1684 Al»
1846 1667 1973 1689 1111111Ἰ’.’1111Γ1’

1791 1698 1830 1711 111111
1844 1692 1961 1712 toleranda.
