2244 3183
79 222 130 250 An.
151 221 180 250 C.
196 222 248 250 5311

125 1349 141 1371 E
157 1349 258 1375 Gregorio

72 1376 214 1398 Nazianzeno.

902 222 928 245 S.
953 222 1089 245 10than
1112 222 1134 246 11
1155 224 1205 247 ΓΡ.

1703 213 1766 245 ,197

277 270 567 314 omnipotentiam3
588 271 631 304 ita
649 276 770 310 tamen,
795 269 863 310 ut¹‚
891 280 965 302 rum
987 271 1026 303 de
1061 270 1204 303 (lendum
1218 277 1275 312 est,
1292 271 1420 305 eumad
1435 271 1585 304 eumdem
1599 281 1728 305 sensum
1743 282 1802 304 no-

276 324 412 367 singulis
432 324 611 368 quaeritur,
630 323 854 367 unusquisque
868 333 980 356 eorum
995 329 1025 356 et
1061 323 1183 356 minum
1198 324 1366 358 diversitas
1378 330 1532 369 provocet
1545 331 1575 358 et
1588 324 1799 358 intellectum:

275 378 359 412 Deus
380 378 589 423 omnipotens
609 388 678 411 esse
694 377 933 420 respondemur
950 390 975 408 ι».

1059 376 1186 408 unum¹¹
1202 383 1309 410 autem
1327 378 1504 411 secundum
1523 377 1736 411 substantiam
1755 378 1803 410 vel

320 432 471 465 Eiusdem
489 431 522 464 in
539 431 623 464 libro
644 430 788 464 secundo
801 428 812 446 ²
829 436 941 462 contra
961 430 1024 462 Ma-
1058 430 1189 462 Deitatis
1207 431 1366 464 rationem
1380 430 1411 464 ¹².
1430 432 1586 464 Dividitur
1603 442 1691 474 ergo,
1708 436 1742 464 ut
1762 431 1803 464 ita

276 485 453 519 ximinuin:
483 498 495 517 (ι,
510 486 547 519 Et
567 485 662 518 Pater
681 485 764 517 Deus
785 490 847 523 est,
872 489 903 515 et
923 483 1023 516 Filius
1039 488 1041 515 t
1058 482 1175 518 dicam.
1200 483 1449 526 indivisibiliter,
1467 485 1677 527 coniungitur
1695 484 1803 517 divisi-

274 539 358 572 Deus
387 544 452 580 est,
481 545 513 572 et
538 537 674 582 Spiritus
703 537 839 571 Sanctus
858 537 941 570 Deus
961 541 1019 576 est,

276 598 308 625 et
324 592 356 625 hi
374 592 472 625 simul
492 598 556 625 tres
570 602 655 624 unus
671 591 755 624 Deus
772 596 830 629 est,
847 600 908 623 nee
925 589 1022 623 huius

275 645 440 680 Trinitatis
461 645 556 679 tertia
576 655 650 689 pars
669 650 713 678 est
732 654 826 685 unus,
842 654 902 677 nec
916 643 1021 677 maior

275 710 350 744 pars
376 700 441 733 duo
455 727 462 740 ‚
486 710 584 743 quam
606 709 690 732 unus
710 705 755 732 est
773 712 802 731 ».

319 754 352 787 In
365 753 450 787 libro
464 752 567 786 sancti
580 751 750 794 Augustini
765 751 891 785 decimo
905 751 1019 795 quinto

277 808 319 839 De
343 805 548 840 Trim'tate³:
578 805 743 839 «Ratione
761 804 857 838 etiam
877 804 1015 845 reddita,
1035 834 1037 847 y,

275 859 533 903 intelligentibus
567 859 675 903 palam
711 864 757 891 est
777 858 806 899 ⁴,
840 858 1018 891 substantia

274 913 455 954 ve1·itatis⁵,
478 923 544 946 non
565 913 670 946 solum
692 912 820 945 Patrem
845 912 927 945 Filio
951 922 1017 945 non

273 978 343 1002 esse
360 967 531 1008 maiorem,
547 977 607 1000 nec
621 967 735 1000 ambos
747 966 757 983 '³
776 966 874 999 simul
894 966 1018 1010 aliquid

272 1031 342 1055 esse
362 1020 480 1061 maius,
497 1031 594 1064 quam
613 1020 768 1064 Spiritum
782 1020 948 1060 Sanctum,
964 1026 1019 1054 aut

272 1075 433 1119 quoslihet
456 1075 537 1108 duos
558 1075 590 1107 in
608 1075 721 1108 eadem
738 1074 894 1107 Trinitate
914 1074 1018 1108 maius

273 1139 342 1162 esse
365 1128 524 1172 aliquid⁷,
553 1139 651 1172 quam
676 1138 796 1169 unum,
824 1133 879 1160 aut
904 1138 1018 1161 omnes

273 1181 369 1215 simul
391 1187 456 1215 tres
473 1181 577 1215 maius
596 1181 720 1225 aliquid
737 1192 817 1221 esse,
837 1191 936 1225 quam
953 1181 1018 1215 sin-

273 1235 368 1278 gulos
386 1246 411 1268 o.

317 1288 494 1331 Gregorius
524 1288 743 1322 Nazianzenus
770 1300 807 1322 ex
839 1298 990 1322 sermone

273 1341 320 1375 De
338 1342 534 1386 Epiphania
549 1343 704 1375 Domim':
732 1357 741 1373 υ
763 1342 840 1376 Cum
862 1341 996 1375 omnino

272 1406 339 1430 uno
353 1397 477 1430 lumine
496 1397 711 1437 illustramur,
731 1396 828 1430 simul
847 1401 877 1429 et
897 1396 1014 1429 tribus:

272 1449 376 1483 tribus
404 1450 535 1494 quidem
564 1450 744 1483 secundum
764 1449 1019 1493 uniuscuiusque

271 1503 501 1547 proprietates,
513 1503 579 1536 sive
593 1503 789 1536 substantias
802 1501 835 1543 ¹⁰,
848 1502 931 1535 sicut
948 1503 1018 1546 pla-

272 1562 323 1590 cet
343 1557 506 1600 aliquibus
531 1556 650 1597 dicere,
673 1556 738 1589 sive
759 1566 925 1600 personas3
939 1556 1019 1588 nihil

271 1609 358 1643 enim
378 1620 439 1654 pro
458 1609 693 1643 vocabulorum
718 1609 902 1643 diversitate
927 1609 1019 1643 dissi-

1009 1342 1020 1358 9

308 1737 319 1763 1
342 1735 430 1763 Caras.
452 1735 515 1763 add.
536 1736 634 1763 etiam.

305 1780 322 1807 2
343 1781 400 1807 «L.
415 1788 439 1807 c.
456 1787 514 1815 cap.
531 1789 557 1812 x,
573 1787 601 1806 n.
617 1779 634 1806 2
648 1790 674 1806 n.
696 1778 774 1806 Cont.
792 1778 884 1806 Const.

305 1824 322 1852 3
344 1825 431 1860 (Cap.
447 1830 487 1857 111,
503 1832 528 1850 n.
545 1824 562 1850 5
575 1833 599 1850 ι.
620 1823 662 1850 ld.

305 1870 321 1896 4
343 1879 354 1895 ι
367 1869 482 1896 Parum
497 1872 537 1897 est
547 1879 573 1895 υ.
589 1868 627 1895 Ad
638 1876 746 1895 sensum
759 1876 902 1904 perperam
916 1868 1014 1903 Caras.;

269 1922 352 1950 quam
368 1914 429 1941 leet.
442 1913 519 1940 Cont.
532 1912 624 1940 Const.
637 1913 724 1939 restit.
743 1912 775 1939 ad
792 1913 858 1948 Aug.
876 1917 954 1948 text„
970 1915 1016 1950 qui

268 1960 322 1995 leg.
339 1960 451 1986 clarum
468 1961 518 1986 est.

303 2005 320 2032 5
340 2003 379 2031 ld.
396 2007 423 2031 et
438 2003 497 2031 Car.
514 2003 545 2031 in
562 2003 726 2031 substantia
741 2003 882 2038 veritatis,
898 2006 927 2030 ut
947 2003 1012 2031 edit.

267 2050 354 2079 Maur.
371 2058 433 2086 opp.
452 2049 478 2076 S.
495 2049 607 2084 August.

303 2096 320 2124 6
339 2095 454 2123 Pessim.
472 2094 582 2130 quidem
598 2093 686 2122 Caras.
702 2095 751 2122 sed
771 2095 899 2122 ambo
922 2095 1013 2123 Potius

267 2141 341 2168 iuxta
362 2139 428 2168 edit.
453 2140 542 2166 Maur.
566 2147 628 2175 opp.
645 2139 670 2166 S.
688 2139 754 2175 Aug.
771 2139 881 2175 legend.
897 2141 947 2167 sed
961 2149 1012 2168 nec

268 2186 406 2213 ambos...

303 2231 317 2257 7
339 2230 436 2256 Baron.
458 2229 589 2265 expungit
609 2229 735 2264 aliquid.

301 2275 319 2302 8
342 2285 354 2299 «
370 2274 471 2301 llomil.
493 2274 537 2308 39,
553 2282 614 2309 pag.
627 2274 689 2307 630,
708 2273 772 2301 edit.
793 2274 875 2302 Paris.
896 2275 965 2302 1609
982 2285 1007 2302 ι.

266 2320 346 2346 Cont.
362 2318 453 2346 Const.

301 2365 317 2390 9
332 2363 372 2390 ld.
390 2363 485 2389 Deum
498 2371 589 2397 quum
606 2363 725 2390 nomino
741 2372 798 2390 uno
815 2364 924 2391 lumine
939 2365 1009 2391 illi(-

264 2409 425 2441 slramini;
449 2413 523 2435 recte
539 2409 572 2435 ad
588 2416 679 2444 graec.
697 2412 774 2439 text..
792 2409 837 2444 qui
858 2409 937 2445 legit:
954 2413 1008 2434 sm

265 2455 289 2478 δὲ
305 2454 360 2478 ὅταν
376 2454 431 2478 εῑηῶ
449 2453 479 2477 Ξνι
495 2456 554 2487 φωτὶ
569 2456 783 2488 περιαστράφθητε.
805 2452 892 2480 Caras.
915 2454 1006 2481 Deum

264 2507 329 2527 cum
344 2498 475 2532 omnino,
493 2505 598 2531 errore,
616 2501 643 2525 ut
660 2502 743 2534 patet,
755 2502 809 2533 ἴῃ).
822 2499 942 2526 omnino
960 2507 1008 2534 pro

264 2543 395 2570 nomino.

302 2589 334 2616 10
353 2587 469 2615 Adverte
494 2587 630 2623 quomodo
654 2588 768 2615 {omines
794 2587 842 2615 [Ψ.

265 2636 373 2660 vertens
395 2632 571 2660 substantias
596 2636 705 2660 moneat
725 2640 785 2659 rum
806 2632 927 2660 Nazianz.
954 2633 1003 2660 mi-

348 2687 508 2722 App.131‹n.
530 2687 613 2715 Rom.
630 2704 659 2706 —
682 2688 738 2715 Vol·
759 2687 783 2714 I.
893 2688 927 2715 63

869 2589 1007 2618 ὗππτάτεις

1010 1288 1020 1305 8
1035 1291 1037 1303 t

1056 535 1205 577 binim-¹⁸,
1227 547 1291 570 una
1309 543 1355 570 est
1376 538 1408 570 in
1430 538 1532 571 tribus
1548 538 1655 572 Deitas
1670 551 1698 571 n.

1100 591 1178 622 Item
1204 600 1240 623 ex
1267 590 1403 634 epistola
1427 591 1575 634 Gregorii
1600 592 1732 636 Nysseni
1761 592 1799 625 ad

1055 643 1278 676 Ablamium¹⁴z
1297 645 1565 678 ‹-Aesti1netltaec
1577 655 1676 689 opera
1691 651 1799 678 utrum

1036 700 1038 718 ³
1055 697 1110 729 uni
1128 697 1335 739 assignentur
1347 708 1506 741 personae
1524 709 1650 737 eorum,
1672 710 1768 742 quam
1780 698 1800 716 ¹⁵

1036 747 1086 782 'in
1119 756 1230 783 sancta
1260 750 1415 784 Trinitate
1449 751 1644 792 ereduntur,
1671 762 1712 785 an
1743 763 1802 796 per

1054 808 1118 836 tres
1138 809 1189 836 eat
1217 803 1345 837 virtutis
1370 804 1545 837 effectus».
1578 805 1657 837 Item
1677 815 1713 838 ex
1734 805 1802 849 epi-

1052 857 1134 889 stola
1147 857 1254 891 Procli
1268 858 1309 891 ad
1322 857 1560 891 occidentales:
1580 874 1592 889 α
1604 858 1708 902 Super
1720 858 1801 893 haec

1053 909 1149 943 etiam
1170 910 1366 944 confitemur
1391 921 1492 943 unum
1511 922 1548 944 ex
1570 911 1726 945 Trinitate
1754 912 1802 945 in-

1052 969 1161 997 creata
1181 970 1280 1007 atque
1297 964 1453 997 ineffabili
1470 965 1572 998 Deum
1590 964 1734 998 Verbum
1756 966 1802 998 sa-

1052 1022 1140 1050 ctum
1162 1017 1329 1051 bominem
1350 1030 1379 1051 ».

1096 1071 1262 1105 Elusdem:
1303 1087 1314 1102 «
1331 1071 1414 1111 Quid
1449 1071 1535 1105 enim
1567 1082 1626 1105 nos
1657 1072 1801 1117 sapimus

1052 1131 1151 1169 atque
1177 1125 1352 1166 sentimus,
1377 1126 1454 1169 quia
1474 1125 1506 1158 in
1527 1125 1597 1170 ipsa
1614 1126 1721 1159 divina
1737 1137 1798 1160 na-

1052 1233 1159 1274 Patri‚
1192 1233 1378 1277 Sanctoque
1406 1233 1553 1277 Spiritui,
1573 1243 1641 1267 non
1661 1234 1800 1268 dicimus

1053 1297 1127 1319 eum
1152 1286 1275 1320 Deitate
1295 1296 1426 1330 passum
1459 1286 1575 1327 fuisse,
1610 1287 1666 1320 sed
1688 1297 1797 1328 carne,

1053 1351 1149 1384 quam
1165 1351 1224 1384 pro
1237 1340 1331 1374 nobis
1345 1340 1518 1385 assumpsit
1532 1351 1569 1374 ex
1581 1340 1693 1374 nobis‘?
1712 1341 1800 1375 Unus

1035 1396 1036 1404 ¹
1054 1393 1152 1435 igitur
1184 1404 1221 1427 ex
1249 1393 1404 1427 Trinitate
1426 1393 1599 1427 crucifixus
1619 1399 1667 1427 est
1687 1404 1796 1435 carne,

1053 1458 1116 1491 qua
1136 1447 1238 1480 sactus
1263 1453 1329 1487 est3
1352 1458 1419 1481 non
1441 1453 1549 1481 tamen
1572 1448 1707 1489 Deitate‚
1735 1458 1800 1492 qua

1053 1501 1162 1534 unitus
1186 1507 1233 1534 est
1252 1501 1339 1534 Patri
1360 1507 1390 1535 et
1409 1501 1544 1545 Spiritui
1564 1501 1693 1543 Sancto,
1717 1513 1796 1546 per-

1052 1565 1163 1599 pessus
1184 1561 1247 1595 est,
1271 1566 1311 1589 ne
1337 1561 1367 1589 et
1394 1555 1466 1589 illos
1486 1555 1658 1589 crucifixos
1677 1556 1799 1600 pariter

1052 1619 1235 1643 asseramus
1257 1621 1286 1642 >›.

1051 1734 1124 1761 nime
1144 1735 1176 1763 de
1198 1734 1337 1762 vocabulis
1357 1735 1419 1762 lites
1435 1743 1495 1762 esse
1515 1735 1674 1769 movendas,
1695 1734 1743 1761 ubi
1763 1734 1798 1762 de

1053 1789 1116 1808 vero
1132 1788 1227 1808 eorum
1242 1788 1323 1807 seusu
1338 1783 1458 1813 constet3
1476 1779 1558 1816 idque
1572 1788 1638 1807 sane
1651 1779 1686 1807 ad
1705 1780 1796 1816 Augu-

1050 1825 1115 1852 stin,
1138 1825 1301 1860 exemptum,
1323 1824 1369 1860 qui
1390 1824 1437 1851 lib.
1459 1832 1475 1850 v
1494 1825 1534 1852 De
1556 1824 1662 1853 Trinit.
1684 1833 1707 1851 c.
1729 1831 1795 1858 vm,

1051 1870 1085 1897 oh
1103 1869 1173 1897 hunc
1189 1878 1350 1905 graecorum
1364 1869 1493 1905 loquendi
1504 1869 1614 1897 modum
1629 1877 1658 1896 se
1673 1868 1796 1896 nonnihil

1051 1915 1153 1941 moveri
1167 1914 1333 1950 significans,
1350 1914 1373 1941 ei
1390 1922 1449 1941 sese
1466 1917 1556 1940 tamen
1572 1913 1733 1941 accomodat
1747 1913 1794 1940 lib.

1050 1965 1097 1993 vti,
1118 1967 1142 1986 c.
1163 1966 1189 1986 lv
1204 1960 1247 1986 De
1266 1959 1421 1991 Trim'tate,
1443 1966 1526 1994 quum
1545 1958 1596 1985 sub
1615 1958 1668 1985 hoc
1688 1957 1795 1985 diverso

1051 2004 1204 2031 vocabulor.
1227 2012 1278 2031 usu
1294 2003 1377 2031 fidem
1391 2011 1446 2031 non
1461 2003 1596 2030 diversam
1616 2011 1677 2030 esse
1692 2011 1794 2038 cogno-

1050 2049 1128 2076 verit.
1146 2049 1165 2076 E
1181 2049 1259 2076 Cont.
1277 2049 1370 2076 Const.

1085 2095 1114 2121 11
1131 2094 1171 2121 Id.
1184 2094 1257 2121 iuxta
1268 2094 1326 2120 Bill.
1340 2093 1505 2121 versionem:
1523 2101 1581 2119 uno
1596 2095 1705 2125 autemg
1722 2092 1793 2128 quod

1047 2142 1113 2162 sane
1129 2134 1162 2162 ad
1177 2143 1269 2170 graec.
1288 2138 1352 2161 text.
1369 2134 1468 2170 aptius,
1485 2133 1530 2160 ubi
1551 2133 1650 2168 legitur
1667 2135 1698 2158 ἐνὶ
1714 2133 1749 2159 6=.

1084 2181 1116 2207 1⁹2
1137 2179 1223 2206 Labb.
1240 2180 1305 2215 legit
1326 2190 1337 2204 «
1353 2179 1469 2206 deitatis
1486 2179 1600 2206 ralione
1618 2188 1642 2204 n.

1084 2226 1115 2254 13
1136 2227 1285 2261 Perperam
1300 2228 1326 2250 et
1342 2231 1434 2250 errore
1450 2222 1646 2258 typographico
1661 2222 1687 2249 in
1704 2222 1790 2250 Labb.

1047 2266 1164 2293 habetur
1180 2276 1192 2289 «
1210 2265 1365 2292 visibiliter
1382 2274 1405 2289 »-

1082 2310 1113 2336 11
1134 2309 1173 2336 ld.
1195 2308 1351 2336 Ablavium
1370 2307 1444 2334 iuxta
1463 2314 1554 2343 grace.
1570 2310 1647 2341 text„
1663 2306 1709 2342 qui
1724 2306 1787 2341 leg.:

1046 2349 1180 2384 Ἂιέὶάῇιῡν.

1081 2392 1112 2417 15
1132 2401 1143 2413 «
1156 2390 1233 2416 Forte
1249 2388 1299 2423 qui
1312 2398 1323 2413 ι
1343 2387 1471 2415 llariluin.
1489 2388 1537 2415 Yel
1552 2387 1659 2423 legend.
1672 2396 1786 2422 earum,

1043 2440 1127 2465 quae,
1141 2431 1178 2457 uti
1194 2430 1279 2464 liquet
1293 2437 1307 2455 e
1321 2437 1420 2463 graeco
1437 2432 1520 2455 textu:
1538 2431 1655 2460 λογιυάθω
1671 2433 1710 2456 τὴν
1725 2430 1787 2462 ἐνερ-

1041 2473 1103 2502 γείκν
1126 2473 1225 2499 ταύτην,
1252 2472 1347 2502 πότερον
1372 2470 1403 2493 ἑνὶ
1426 2471 1535 2502 πρόσεστι
1559 2474 1606 2493 τῶν
1631 2469 1652 2492 ἐν
1676 2475 1704 2502 τῇ
1732 2470 1786 2500 ἄγιςι

1041 2512 1119 2545 τριάδι
1136 2512 1318 2541 πεπιστευμένων
1336 2512 1496 2542 προσώπων...
1517 2520 1528 2532 (ι
1545 2508 1698 2536 consideret
1717 2508 1785 2536 hanc

1041 2551 1200 2585 estienriam,
1218 2554 1306 2577 utrum
1318 2550 1366 2586 uni
1379 2549 1448 2576 adsit
1459 2557 1560 2583 earum,
1574 2558 1642 2584 quae
1653 2549 1678 2575 in
1689 2549 1715 2575 S.
1728 2549 1785 2575 Tri-

1042 2592 1122 2619 nitatc
1138 2591 1258 2618 creditae
1273 2594 1345 2624 sunt⁷
1359 2598 1588 2626 personarum...»
1602 2589 1683 2616 idest:
1702 2598 1784 2616 «con-

1040 2633 1141 2660 sideret
1157 2635 1246 2659 utrum
1263 2631 1330 2659 haec
1345 2630 1466 2659 efficacia
1483 2630 1529 2657 uni
1545 2629 1625 2664 adsit,
1642 2632 1694 2657 etc.
1714 2639 1737 2656 ι.

1832 224 1883 250 An.
1901 223 1928 250 C.
1950 222 2001 250 53⁴

1865 602 1880 623 Ε
1900 602 2002 628 uragu-uo

1816 629 1916 655 Nissenn.

1847 1133 1876 1153 Ex
1891 1132 1915 1154 Β.
1931 1133 2000 1155 Procli

1815 1160 1904 1185 epistota
1918 1160 1944 1181 ad
1960 1162 2000 1182 Oc-

1052 1186 1136 1219 tura,
1159 1190 1223 1223 qua
1240 1179 1433 1213 coniunctus
1454 1185 1484 1213 et
1505 1179 1615 1213 unitus
1636 1185 1683 1214 est
1701 1180 1801 1215 Filius
1815 1186 1940 1208 emmaus.
