2244 3183
256 203 305 230 Αη.
326 203 352 231 C.
370 204 417 230 451

279 318 369 342 Legatos
380 324 436 338 coin-

252 345 343 365 mundat.

278 638 381 665 Eutyches
392 638 435 658 lon-

251 667 296 691 pius
318 665 435 685 Constanti-

250 693 320 718 nepoti
335 692 435 717 ablegan-

250 720 295 740 dus.

275 1013 368 1038 Eiusque
386 1018 433 1033 coe-

248 1040 311 1060 nubio
323 1046 352 1059 iir
361 1040 433 1060 mitio-

249 1069 300 1087 licus
309 1067 433 1093 praetiricn-

250 1094 294 1114 dus.

297 2077 391 2099 Mandat.
407 2078 429 2097 ut

244 2106 352 2127 Anatolius
362 2104 428 2124 aclio-

242 2140 289 2154 nem
304 2138 362 2153 suam
373 2132 429 2155 leua-

244 2161 270 2180 tis
289 2164 410 2187 coniungat.

486 194 528 227 80

452 252 671 295 pertinacibus
704 252 919 296 rependatur,
958 258 1061 285 vestra
1096 252 1196 296 pietas

452 311 600 346 nostros,
633 305 686 349 qui
719 306 758 338 ab
789 305 972 349 Apostolica
1007 306 1088 339 Scdc
1122 312 1195 340 sunt

452 358 550 396 missi,
566 359 671 391 fovere
686 359 850 400 dignetur,
872 369 1051 402 eorumque
1069 370 1191 401 omnes,

451 422 530 454 quas
550 411 755 452 iniunximus,
779 412 903 445 adiuvet
938 413 1094 446 actiones:
1130 424 1194 457 quo

451 464 544 496 eitius
558 476 594 497 ac
612 465 746 504 facilius,
764 466 937 499 auxiliante
950 467 1098 505 Domino,
1113 478 1195 510 quac

450 518 489 549 atl
511 523 648 551 vestram
676 519 825 560 gloriam,
854 525 884 552 et
904 520 943 552 ad
964 520 1060 553 totius
1080 521 1191 553 Eccle-

450 570 514 603 siae
546 582 657 615 pacem
694 573 877 616 proliciunt,
904 580 1112 617 exequantur.
1152 575 1194 607 De.

451 624 589 669 Eutyche
607 632 713 659 autem
741 627 836 660 totius
863 627 1004 660 scandali
1037 634 1067 661 et
1091 628 1194 671 pravi-

451 677 522 711 tatis
541 684 690 719 auctore,
713 679 775 713 hoc
793 680 960 713 clementia
980 687 1083 714 vestra
1103 692 1194 725 prae-

450 731 557 774 cipiat,
578 738 611 765 ut
633 733 672 765 ab
690 744 727 766 eo
748 734 831 773 loco,
856 734 909 777 qni
931 734 1195 778 Constantinopo-

449 784 566 818 litanae
593 786 665 819 urbi
695 787 791 820 nimis
819 787 941 820 vicinus
971 794 1034 829 est,
1067 788 1193 831 longius

451 840 675 881 transferatur,
699 851 739 873 ne
771 841 1043 884 frequentioribus
1073 842 1193 875 solatiis

449 902 575 934 eorum,
599 904 680 936 quos
701 894 740 926 ad
755 894 953 938 impietatem
974 905 1064 928 suam
1086 895 1190 935 traxit,

449 951 567 979 utatur.
603 947 795 980 Monasterio
826 958 956 992 quoque
988 949 1109 992 ipsius,
1143 949 1192 982 cui

449 1000 630 1043 perniciose
656 1001 851 1045 indigneque
875 1003 1048 1045 praesedit,
1077 1003 1190 1036 catho-

449 1053 546 1086 licum
568 1054 724 1087 Abbatem
747 1054 853 1087 iubete
874 1055 1045 1099 praeponi,
1070 1056 1124 1099 qui
1149 1056 1190 1088 il-

448 1108 511 1139 lam
533 1107 703 1140 Servorum
728 1108 783 1141 Dei
809 1109 1092 1151 congregationem
1121 1116 1151 1143 et
1175 1120 1193 1142 a

447 1171 545 1204 pravo
559 1161 708 1203 dogmate
722 1160 871 1201 liberare,
889 1167 919 1194 et
939 1161 1091 1195 institutis
1109 1162 1191 1196 veri-

450 1213 523 1247 tatis
543 1213 642 1257 possit
662 1214 818 1247 imbuere.

490 1267 567 1300 Data
584 1277 602 1299 v
620 1266 707 1300 idus¹
729 1267 822 1308 lunii,
846 1267 971 1301 Adelfio
993 1268 1062 1301 viro
1080 1269 1191 1302 claris-

445 1321 527 1353 simo
553 1321 697 1353 consule.

481 1384 539 1411 Dat.
561 1384 604 1411 die
624 1385 639 1412 9
657 1384 727 1411 Iunii
741 1393 774 1411 an
790 1385 852 1412 451.

666 1554 849 1588 EPISTULA
874 1555 923 1588 Lll
943 1554 964 1587 Ξ.

443 1650 639 1684 Anatolium
671 1651 764 1683 enzlce
795 1652 968 1691 hortatur,
991 1656 1027 1684 ut
1059 1662 1189 1695 operam

487 1724 578 1746 suam
602 1714 692 1747 Sedis
708 1714 913 1757 Apostolicae.
934 1715 1049 1758 leqate's
1069 1715 1188 1748 adiun-

487 1782 553 1820 yat,
577 1778 669 1821 eique
689 1778 727 1811 de
750 1779 887 1821 mqotiis
913 1779 1072 1811 Ecclesiae
1098 1790 1189 1812 com-

484 1839 645 1882 ponendis
662 1840 763 1883 plura
785 1841 989 1884 praescribit.

531 1938 587 1966 Leo
607 1938 768 1972 Episcopus
788 1938 926 1966 Anatolio
943 1938 1098 1973 Episcopo.

487 2018 559 2051 cip,
576 2018 598 2050 I.
618 2018 705 2051 Licet
724 2028 851 2062 sperem
873 2017 1079 2051 dilectionem
1102 2023 1187 2051 tuam

444 2072 484 2105 ad
504 2082 600 2105 omne
621 2082 701 2116 opus
725 2073 847 2106 bonum
878 2082 945 2105 esse
966 2073 1132 2113 devotam,
1155 2077 1190 2105 ut

444 2131 551 2159 tamen
569 2125 730 2159 efficacior
745 2132 797 2160 tua
815 2126 884 2159 fieri
899 2126 999 2170 possit
1017 2125 1185 2166 industria,

444 2180 660 2213 necessarium
681 2186 712 2214 et
732 2190 910 2223 congruum
938 2180 948 2196 ³
974 2180 1052 2221 suit,
1077 2180 1189 2213 fratres

481 2288 489 2313 l
518 2287 634 2315 Caeciar.
661 2287 678 2314 l.
703 2296 726 2315 c.
744 2295 804 2314 cum
821 2286 879 2314 cod.
906 2287 990 2314 Grim.
1021 2286 1076 2314 VII
1098 2287 1186 2319 Idus3

442 2322 506 2349 edit.
528 2331 588 2350 cnm
606 2323 668 2358 aliq.
687 2331 749 2350 mss.
776 2323 886 2350 Idibus.
904 2322 964 2349 Vid.
984 2322 1108 2350 Ballerin.
1125 2323 1144 2349 l.
1161 2331 1184 2349 c.

442 2358 507 2385 latre
522 2366 566 2394 op.
582 2367 606 2385 o.
623 2358 701 2386 nobis
716 2358 837 2385 assentit.

476 2399 492 2425 2
512 2398 549 2425 Ex
559 2398 622 2425 edit.
636 2398 731 2425 Baller.
749 2399 817 2433 Opp.
830 2398 859 2425 S.
872 2399 970 2425 Leonis
981 2401 999 2425 t.
1017 2397 1183 2430 t,col.1050.

477 2439 493 2466 3
510 2449 521 2463 «
540 2438 577 2465 ΑΙ.
595 2439 779 2466 commodum
792 2448 814 2465 n.
834 2438 957 2465 Ballerin.
976 2439 1028 2465 col.
1048 2438 1125 2466 1049.

477 2479 494 2505 4
511 2488 523 2504 ε
541 2478 596 2506 Duo
616 2478 693 2506 codd.
710 2478 797 2505 omitt.
815 2479 911 2512 vobis-3
927 2487 997 2505 unus
1022 2478 1104 2505 habet
1118 2478 1187 2506 resi-

441 2514 575 2541 dentibus
589 2514 634 2541 hi's
650 2525 672 2541 n.
695 2513 820 2542 Ballerin.
840 2514 855 2540 l.
875 2522 897 2541 c.
922 2518 949 2541 et
964 2514 1080 2541 Caeciar.
1114 2514 1184 2549 Opp.

441 2550 471 2576 S.
488 2550 590 2577 Leonis
606 2553 673 2585 part.
689 2556 719 2584 Π,
736 2558 795 2585 pag.
813 2550 873 2577 ⁹255.

478 2586 494 2613 5
513 2596 525 2609 «
541 2585 605 2612 Cod.
632 2586 735 2621 Ratisp.
755 2586 865 2618 Quae...
883 2585 997 2613 valeant
1011 2596 1036 2612 n.
1060 2583 1183 2612 Ballerin.

388 2614 393 2624 '
443 2620 494 2647 cot.
513 2621 589 2648 1051.

972 205 1132 229 APPENntx
1152 205 1302 231 BULLARH
1322 207 1441 232 ROMAN!
1465 214 1472 220 ·

1231 264 1319 287 meos
1340 255 1528 289 Lucentium
1551 257 1750 300 episcopum,
1771 262 1801 290 et
1820 257 1971 290 Basilium

1230 308 1463 352 presbyterum,
1489 315 1521 342 ut
1544 310 1763 353 promisimus,
1787 311 1968 352 destinare,

1229 361 1346 404 quibus
1367 367 1418 395 tua
1447 362 1575 396 ditectio
1599 363 1757 404 societur,
1782 369 1816 396 ut
1839 364 1918 397 nihil
1940 364 1972 397 in

1229 414 1288 455 his,
1310 426 1391 458 quae
1412 417 1450 449 ad
1468 416 1656 449 universalis
1676 417 1835 450 Ecclesiae
1855 422 1971 450 statum

1229 468 1410 511 pertinent,
1435 475 1489 502 aut
1509 470 1605 502 dubie
1627 476 1760 512 agatur,
1785 476 1839 503 aut
1859 470 1969 511 segni-

1230 525 1294 554 ter:
1319 533 1415 559 cum,
1446 522 1659 555 residentibus
1690 523 1780 555 vobis
1798 523 1827 564 ⁴,
1855 523 1972 566 quibus

1229 576 1449 609 executionem
1470 581 1598 609 nostrae
1624 576 1843 620 dispositionis
1864 576 1971 609 iniun-

1228 629 1349 667 ximus,
1377 640 1414 662 ea
1438 630 1562 672 possint
1591 629 1641 671 agi
1673 635 1787 663 cuncta
1816 630 1968 663 modera—

1229 681 1326 721 tione,
1350 688 1385 715 ut
1405 693 1463 715 nec
1491 683 1735 716 benevolentiae
1760 688 1867 727 partes
1882 710 1889 724 ‚
1912 694 1972 716 nec

1229 734 1366 768 iustitiae
1386 736 1613 777 negligantur,
1641 736 1696 769 sed
1717 736 1838 780 absque
1858 747 1971 780 perso-

1228 800 1343 822 narum
1369 790 1555 833 acceptione
1586 790 1729 824 divinum
1763 791 1794 823 in
1822 790 1972 824 omnibus

1228 843 1382 877 iudicium
1415 844 1583 887 cogitetur.
1618 844 1709 883 Quod
1733 850 1768 878 ut
1796 850 1884 878 reeta
1908 845 1969 878 ob-

1227 898 1387 930 servantia
1413 899 1514 931 valeat
1533 898 1543 914 ⁵
1563 898 1719 932 custodiri
1739 899 1760 939 ⁰,
1794 898 1972 932 catholicae

1227 951 1376 994 primitus
1394 952 1468 985 fidei
1485 958 1630 985 servetur
1647 952 1823 995 integritas:
1835 958 1876 993 et,
1897 952 1972 996 quia

1227 1015 1285 1048 per
1297 1006 1406 1039 omnia
1423 1010 1565 1049 (rumesta
1586 1011 1613 1039 et
1631 1006 1737 1039 (trduct
1750 1007 1803 1039 via
1817 1010 1872 1046 est,
1889 1017 1972 1050 quae

1227 1061 1317 1094 ducit
1336 1060 1379 1093 acl
1398 1061 1498 1093 ritum
1520 1060 1547 1099 ⁷,
1570 1071 1676 1103 neque
1697 1060 1729 1092 in
1749 1060 1759 1076 ⁸
1783 1059 1966 1100 sinistram,

1227 1125 1331 1158 neque
1346 1115 1384 1147 ad
1399 1114 1409 1130 ⁹
1423 1114 1566 1146 dextram
1585 1114 1624 1146 ab
1642 1113 1709 1147 eius
1724 1113 1849 1146 tramite
1864 1113 1969 1146 devie-

1228 1174 1288 1201 tur.
1305 1169 1342 1200 Et
1359 1167 1434 1211 quia
1449 1167 1632 1209 evangelica
1652 1172 1682 1199 et
1701 1167 1878 1211 apostolica
1891 1166 1970 1200 fides

1226 1231 1338 1254 omnes
1359 1226 1520 1264 expugnat
1544 1230 1680 1258 errores,
1705 1225 1736 1252 et
1763 1220 1801 1252 ab
1828 1230 1894 1253 uno
1922 1220 1970 1252 la-

1226 1280 1294 1307 tere
1314 1273 1496 1307 Nestorium
1515 1273 1635 1313 deiieit,
1663 1272 1702 1305 ab
1724 1272 1786 1305 alio
1806 1272 1970 1317 Eutychen

1226 1333 1257 1360 et
1291 1326 1463 1371 participes
1488 1326 1555 1359 eius
1584 1326 1689 1367 elidit;
1718 1326 1801 1359 hanc
1824 1326 1969 1368 regulam

1226 1385 1421 1414 mementote
1458 1379 1668 1420 servandam,
1703 1384 1738 1412 utv
1771 1379 1970 1423 quicumque

1225 1434 1257 1467 in
1278 1434 1333 1466 illa
1357 1433 1499 1478 synodo,
1529 1443 1612 1476 quac
1636 1443 1756 1466 nomen
1778 1433 1895 1477 Synodi
1909 1444 1969 1466 nec

1224 1487 1343 1521 habere
1374 1486 1495 1530 poterit
1520 1485 1558 1526 ¹⁰,
1590 1496 1649 1519 neo
1684 1491 1842 1527 meretur,
1877 1491 1908 1519 et
1936 1485 1967 1518 in

1224 1551 1287 1584 qua
1307 1539 1566 1573 malevolentiam
1589 1549 1678 1572 suam
1703 1539 1884 1579 Dioscorus,
1908 1538 1969 1571 im-

1223 1592 1401 1637 peritiam¹¹
1422 1598 1528 1626 autem
1550 1592 1708 1625 Iuvenalis
1729 1592 1879 1632 ostendit,
1904 1592 1964 1625 do-

1998 211 2048 237 Αη.
2074 210 2102 238 C.
2118 207 2166 239 45'1

2012 643 2035 664 ln
2045 644 2116 664 causis
2125 644 2172 670 agi-

1986 670 2055 690 tandis
2079 671 2171 692 benevo-

1986 697 2071 718 lentiam
2086 697 2172 723 expedit

1986 729 2085 748 servare,
2108 724 2172 744 iusti-

1986 750 2037 770 tium
2058 755 2108 771 vero
2129 756 2171 772 non

1985 777 2100 803 negligere.

2006 1071 2090 1092 Etenim
2099 1077 2111 1092 e
2120 1071 2171 1093 ssdei

1986 1098 2070 1119 tramite
2102 1099 2170 1119 neuti-

1985 1130 2048 1151 quam
2065 1125 2170 1146 diverten-

1985 1152 2040 1172 dum.

1224 1647 1308 1687 lent,
1332 1652 1367 1679 ut
1387 1645 1569 1679 dilectionis
1595 1651 1667 1678 tuae
1691 1645 1847 1678 relatione
1879 1655 1967 1678 eom*
2007 1655 2167 1681 Lapstsobma-

1981 1684 2035 1706 tum,
2051 1682 2069 1702 si
2083 1682 2167 1703 satisfe-

1222 1699 1388 1743 perimus,
1420 1710 1453 1732 se
1494 1704 1582 1732 metu
1618 1698 1737 1739 victos,
1774 1704 1805 1732 et
1842 1704 1965 1732 terrore
1981 1709 2119 1735 cerinmm
2134 1711 2167 1729 est

1222 1758 1390 1796 superatos
1410 1752 1449 1784 ad
1470 1761 1663 1784 consensum
1681 1751 1897 1785 scelestissimi
1919 1751 1966 1798 iu-

1223 1806 1299 1840 dicii
1327 1806 1469 1849 potuisse
1499 1805 1670 1848 compelli,
1702 1811 1733 1838 et
1758 1805 1963 1838 communio-

1223 1870 1296 1892 nem
1317 1859 1508 1892 catholicam
1530 1858 1675 1891 obtinere
1701 1857 1895 1898 desiderant,
1916 1868 1966 1890 sa-

1224 1912 1395 1945 tissactioni
1410 1922 1522 1945 eorum
1544 1923 1603 1955 pax
1627 1912 1769 1944 fraterna
1787 1916 1967 1955 praestetur

1223 1966 1276 2005 ita,
1299 1971 1420 1999 utnon
1451 1965 1557 1998 dubiis
1586 1965 1837 2009 professionibus
1864 1965 1963 2009 Euty-

1224 2019 1305 2052 chen
1323 2029 1395 2052 cum
1417 2029 1475 2052 suo
1494 2019 1656 2061 dogmate,
1677 2029 1815 2062 cumque
1836 2028 1966 2052 consor-

1225 2073 1309 2106 tibus
1329 2073 1393 2106 suis
1418 2072 1633 2106 anathematis
1661 2071 1864 2106 execratione
1889 2082 1965 2105 con-

1224 2127 1389 2160 demnent.

1267 2180 1338 2214 Can.
1362 2180 1397 2213 ll.
1415 2179 1518 2213 Deliis
1537 2185 1656 2221 autem,
1679 2179 1779 2224 quiin
1796 2179 1856 2213 hac
1869 2190 1964 2221 causa

1257 2288 1273 2314 6
1291 2297 1303 2313 «
1320 2287 1362 2314 Al.
1385 2287 1567 2316 custodire».
1583 2286 1708 2314 Ballerin.
1727 2286 1743 2314 l.
1763 2295 1785 2314 e.

1258 2334 1272 2360 7
1288 2332 1379 2360 lllattli.
1396 2340 1444 2366 vn,
1458 2334 1500 2366 14,
1512 2332 1559 2360 ubi
1574 2332 1651 2369 Vulg.
1668 2332 1733 2368 legit
1747 2334 1868 2367 anqusta
1879 2335 1963 2367 porta

1222 2376 1248 2402 et
1259 2376 1350 2401 arcta.

1256 2418 1273 2445 8
1288 2417 1403 2445 Caeciar.
1421 2418 1438 2444 1.
1457 2426 1479 2444 c.
1496 2425 1558 2444 cum
1575 2416 1683 2453 plerisq.
1702 2425 1764 2444 mss.
1782 2416 1828 2444 ad.

1255 2458 1272 2484 9
1291 2471 1298 2481 ·
1317 2458 1356 2484 Al.
1373 2458 1431 2485 cod.
1449 2459 1481 2486 in
1500 2468 1521 2484 n.
1541 2457 1665 2484 Ballerin.
1683 2457 1700 2484 l.
1719 2466 1741 2484 c.

1257 2498 1291 2526 10
1308 2508 1319 2524 α
1335 2498 1374 2525 ΑΙ.
1390 2499 1485 2533 potnit
1501 2501 1546 2525 aut
1558 2498 1689 2532 potuerit
1702 2508 1724 2524 ».
1742 2496 1867 2524 Ballerin.
1886 2496 1902 2524 l.
1920 2505 1942 2524 c.

1257 2540 1285 2566 11
1306 2550 1316 2564 υ
1337 2539 1374 2566 ΑΙ.
1406 2540 1543 2567 inertiam
1564 2542 1610 2565 aut
1625 2538 1800 2565 moestitiam
1818 2541 1864 2564 aut
1878 2537 1963 2565 indu-

1220 2579 1324 2607 striam
1342 2588 1365 2605 ».
1383 2579 1506 2606 Ballerin.
1520 2578 1536 2604 l.
1555 2586 1578 2604 c.
1593 2577 1683 2605 Potius
1695 2578 1842 2611 inertiam
1853 2576 1900 2605 sed
1910 2585 1965 2604 me-

1222 2619 1272 2646 lius
1287 2627 1313 2646 n.
1331 2619 1420 2646 lectio.

1979 1735 2095 1756 reddenda.

2233 146 2244 244 ³

2227 245 2244 448 3

2205 2250 2240 2431 *Qum
2210 2207 2216 2226 ’·
2237 2164 2239 2169 ,

2207 2807 2232 2838 2·
2201 2416 2238 2789 ÷u†*†x2'⁴-⁶<r÷³³v-e.am
