2244 3183
504 222 546 254 64

517 280 587 314 ΟΨ.
620 280 656 313 ΙΙ.
690 279 820 312 Interim
853 289 928 312 vero
965 279 1018 312 det
1057 290 1212 323 operam,

304 346 419 376 obsecrat.
435 347 457 365 ut
473 339 629 377 quantum
655 333 722 366 fieri
750 337 863 376 potest,
891 339 992 365 vestra
1018 332 1159 373 dilectio,
1180 339 1213 366 ut

272 373 457 419 53222231332221'353
473 388 620 420 omnibus
642 387 799 420 Ecclesiae
822 385 892 418 siliis
918 386 1095 420 innotescat
1112 387 1187 430 quid
1203 386 1211 406 ¹

273 425 410 472 {2¹ffni-'J‘tfffii’⁰⁵
426 432 455 445 '¹¹'
471 447 581 474 contra
597 440 731 484 impium
743 450 886 479 sensum,
899 439 1074 473 secundum
1096 440 1213 474 doctri-

471 504 544 526 nam
563 493 778 534 evangelicam
797 498 827 526 et
849 493 1066 536 apostolicam,
1088 494 1213 536 pracdi-

469 557 576 579 cemus
592 546 613 579 ².
637 546 715 585 Quia
740 546 813 579 licet
846 547 957 589 plene,
977 557 1058 590 quae
1087 557 1212 590 semper

470 599 578 632 suisset
604 604 699 642 atque
727 604 808 632 esset
832 599 1063 632 catholicorum
1089 605 1212 633 senten-

469 654 523 691 tia,
542 652 774 696 scripserimus3
794 658 900 685 tamen
914 663 1000 687 nunc
1018 663 1146 697 quoque
1171 654 1209 687 ad

471 705 705 738 confirmandas
739 705 884 738 omnium
919 710 1040 739 mentes
1065 717 1130 739 non
1157 717 1212 750 pa-

470 769 542 791 rum
579 758 806 791 exhortationis
834 758 1017 792 addidimus
1044 758 1065 791 ³.
1092 760 1212 794 Memor

472 811 554 844 enim
577 822 647 844 sum
664 822 712 844 me
733 811 793 843 sub
811 811 894 844 illius
907 812 1038 844 nomine
1051 812 1210 846 Ecclesiae

272 903 287 921 a
305 876 360 896 rem
377 876 456 914 ⁰9¹²,s⁰³·
471 865 663 908 praesidere,
686 865 776 897 cuius
794 876 810 897 a
828 865 983 899 Domino‘
1004 866 1070 899 lesu
1087 866 1209 900 Christo

271 906 458 956 Διῑιῗι,ι-’ῗῖιῖξ’ἷιῖιῐριίῗῖ
472 923 516 950 est
549 917 725 960 glorificata
751 919 925 959 consessio,
952 924 982 952 et
1006 919 1097 952 cuius
1132 919 1210 953 fides

272 958 456 983 ⁴“‘”¹¹¹⁸¹¹'⁰²’'''³'‘
471 981 580 1003 omnes
598 970 730 1014 quidem
746 972 892 1006 haereses
910 972 1056 1013 destruit,
1075 973 1129 1005 sed
1148 984 1210 1006 ma-

470 1024 552 1057 xime
576 1024 960 1069 impietatempraesentis
984 1026 1099 1060 erroris
1112 1038 1208 1070 expu-

469 1086 556 1122 gna13
582 1084 612 1111 et
629 1079 771 1122 intelligo
786 1079 865 1112 mihi
891 1080 977 1113 aliud
992 1080 1002 1095 ⁵
1020 1091 1082 1113 non
1099 1080 1207 1119 licere,

470 1143 565 1175 quam
583 1137 619 1165 ut
638 1143 748 1166 omnes
765 1137 898 1166 conatus
919 1144 1005 1167 meos
1027 1134 1056 1166 ei
1081 1144 1207 1173 causae,

470 1185 501 1217 in
528 1195 590 1228 qua
620 1185 805 1218 universalis
830 1186 988 1220 Ecclesiae
1013 1188 1097 1220 salus
1125 1187 1206 1220 infe-

469 1243 586 1280 statur,
607 1239 800 1282 impendam.
828 1240 870 1272 Ne
894 1245 999 1272 autem
1021 1239 1127 1283 aliqua
1151 1250 1209 1272 ne-

469 1291 638 1335 gligentiae
664 1292 831 1326 occasione
856 1293 972 1337 scripta
1000 1298 1108 1326 nostra
1133 1293 1143 1309 ⁶
1171 1293 1207 1325 ad

293 1354 454 1392 rum-ummo?-
470 1356 523 1379 vos
540 1356 604 1378 non
630 1346 790 1389 potuerint
808 1347 980 1389 pervenire,
999 1347 1210 1390 exemplaria⁷

270 1382 454 1439 §.till-'lsnffql‘sslfi
469 1399 655 1432 eorumdem
672 1410 760 1432 nunc
779 1400 932 1433 mittenda
950 1400 1157 1440 credidimus,
1177 1405 1211 1433 ut

270 1435 326 1460 ‘'¹⁰¹''
341 1438 411 1456 ‘'³¹²⁰‘'
469 1452 558 1485 nullo
568 1453 663 1486 modo
679 1453 766 1494 fidei,
787 1454 1102 1496 quamdesendimtffi,
1116 1464 1208 1497 prae-

470 1505 587 1539 dicatio
611 1511 712 1539 vestra
737 1506 869 1540 notitiae
893 1507 1108 1539 subtrahatur.

513 1558 590 1591 Data
622 1558 745 1592 decimo
780 1564 866 1592 sexto
899 1559 1050 1591 kalendas
1079 1559 1205 1602 Aprilis,

469 1610 687 1643 Valentiniano
712 1611 852 1654 Augusto
879 1612 994 1654 septies
1025 1617 1055 1645 et
1091 1612 1208 1646 Avieno

472 1663 504 1695 V.
526 1663 568 1698 Cl.
589 1664 786 1697 consulibus.

272 229 325 258 An.
340 229 369 258 C.
390 230 441 259 450

299 1089 405 1109 Pontit'icis
415 1090 454 1110 sol—

271 1116 358 1136 licitudo
382 1123 400 1136 in
417 1117 454 1137 Ec—

271 1143 357 1163 clusium
373 1144 454 1163 unimr-

271 1175 315 1189 sam
324 1170 454 1190 extendenda

632 1878 821 1912 EPISTULA
851 1880 996 1912 xxxvltt
1017 1880 1036 1912 ⁶.

469 1977 635 2010 Ravennio
655 1977 748 2010 em'oee
768 1977 980 2015 commendat,
1003 1981 1039 2009 ut
1064 1988 1128 2020 qua
1147 1988 1209 2020 par

514 2034 558 2062 est
577 2030 810 2070 sollicitudine,
841 2031 909 2063 eius
929 2041 965 2062 ac
998 2030 1117 2073 Cyrz'lli
1137 2031 1206 2073 epi-

513 2083 612 2116 stolas
632 2084 755 2116 czmctz's
783 2083 913 2118 Galliae.
944 2084 1100 2127 episcopis
1120 2094 1207 2116 com-

507 2191 518 2216 1
545 2201 556 2214 «
572 2190 611 2217 Α1.
636 2191 711 2225 quod
737 2199 759 2216 ».
782 2189 906 2217 Ballerin.
937 2189 954 2216 l.
984 2198 1006 2216 c.
1035 2193 1061 2217 et
1089 2190 1209 2217 Caeciar.

471 2243 532 2270 pag,
549 2234 611 2261 2⁶24.

505 2280 521 2306 2
544 2290 556 2303 «
576 2279 616 2306 Al.
634 2280 841 2314 praedicamus
859 2289 880 2305 »-
899 2279 1025 2307 Balleriu.
1043 2280 1061 2306 1.
1079 2288 1102 2306 c.

505 2324 521 2351 3
540 2335 552 2348 «
568 2324 636 2359 Aliq.
658 2324 740 2351 codex
760 2324 930 2351 addimus».
949 2324 1044 2351 Baller.
1057 2325 1107 2351 col.
1128 2324 1191 2352 984.

505 2369 521 2395 4
536 2369 656 2395 Cacciar.
680 2377 740 2404 pag.
761 2369 813 2396 2¹24
833 2378 893 2396 cum
910 2369 1020 2405 plerisq.
1042 2369 1119 2397 codd.
1151 2370 1210 2396 Do-

473 2413 554 2440 mino
569 2417 676 2440 nostro.

505 2457 522 2484 5
539 2457 632 2484 «Tres
647 2457 707 2485 cod.
724 2458 811 2486 aliter
829 2467 851 2484 v,
875 2457 1001 2485 Ballerin.
1022 2458 1040 2484 l.
1062 2467 1085 2485 c.

505 2502 521 2528 6
541 2513 553 2527 «
572 2501 637 2530 Cod.
658 2502 741 2529 Grim.
763 2502 801 2529 sic
821 2502 889 2529 hanc
908 2502 1063 2538 periocham
1083 2502 1207 2529 exhibet:

471 2546 549 2581 Erqo
572 2555 608 2573 ne
637 2546 735 2574 habita
760 2547 938 2582 neqliycncia
958 2547 1066 2582 scripta
1091 2549 1209 2580 nostra,

471 2594 523 2618 etc.
542 2600 566 2617 ν.
588 2590 706 2618 cacciar.
728 2590 745 2617 1.
763 2599 786 2618 c.

987 231 1146 255 APPENDIX
1167 231 1316 256 BULLARII
1337 232 1456 256 ROMANI

2021 231 2074 258 An.
2091 231 2119 259 C.
2134 231 2186 260 450

1291 281 1444 319 municel,
1479 290 1625 323 quaeque
1646 291 1666 312 α
1691 280 1805 323 leqatis
1839 284 1985 313 oretenus

1292 325 1459 368 acceperit,
1482 325 1623 367 fideliter
1642 328 1830 368 exequatur.

1283 387 1484 415 Dilectissimo
1507 387 1593 415 fratri
1615 387 1766 415 Ravennio
1785 387 1842 415 Leo
1862 394 1949 422 papa.

1290 441 1349 473 Diu
1375 441 1456 474 filios
1487 446 1613 474 nostros
1638 440 1823 474 Petronium
1855 439 1986 484 presby-
2020 451 2186 473 Innuitcurdiu

2001 477 2103 498 Ravenna
2129 479 2185 504 toga·
2228 492 2229 495 ,

1249 498 1368 533 terum,
1399 500 1429 527 et
1452 495 1610 537 Regulum
1638 493 1809 527 diaconum
1838 493 1869 527 in
1901 493 1985 526 Urbe
2001 506 2033 524 tos
2049 504 2134 534 innume
2149 506 2185 526 ‹10-

1249 546 1422 588 tenuimus,
1440 548 1595 591 quoniam
1609 547 1688 580 etde
1702 552 1811 580 nostra
1828 547 1986 590 h0c⁹g1·a-
2001 532 2095 552 ''mn‘'

1247 600 1289 632 tia
1313 601 1530 641 merebantur,
1546 607 1575 634 et
1594 601 1680 641 fidei,
1707 611 1788 644 quae
1806 610 1890 633 nunc
1908 610 1986 644 quo-

1246 654 1391 686 rumdam
1412 665 1520 688 errore
1538 654 1707 687 incessitur
1724 655 1757 694 ¹⁰,
1774 653 1855 687 ratio
1870 659 1982 696 postu-

1246 706 1342 739 labat.
1354 707 1519 740 Voluimus
1535 707 1619 740 enim
1638 717 1692 740 eos
1706 713 1816 740 nostro
1835 707 1986 740 interesse

1245 760 1406 800 tractatui,
1429 765 1459 793 et
1492 760 1638 793 universa
1663 770 1855 803 cognoscere
1871 787 1879 801 ‚
1903 770 1986 803 quae

1245 822 1300 854 per
1324 818 1354 845 te
1383 812 1530 856 cupimus
1563 812 1601 845 ad
1628 813 1770 847 omnium
1794 812 1929 845 fratrum
1955 818 1987 846 et

1244 867 1508 900 consacerdotum
1526 872 1708 900 nostrorum
1723 866 1867 899 notitiam
1877 875 1987 909 perve—

1244 918 1324 958 nire,
1343 919 1545 952 carissime¹¹t
1562 920 1623 953 hoc
1647 919 1809 952 dilectioni
1828 925 1899 952 tuae
1918 928 1986 962 spe-

1244 973 1366 1006 cialiter
1389 974 1584 1016 delegantes,
1609 979 1643 1006 ut
1664 972 1878 1006 sollicitudine
1901 972 1982 1015 vigi-

1244 1026 1359 1059 lantiae
1389 1032 1460 1060 tuae
1485 1028 1616 1070 epistola
1648 1033 1754 1060 nostra
1776 1054 1783 1066 ,
1816 1037 1913 1070 quam
1946 1025 1984 1058 ad

1244 1079 1404 1113 Orientem
1421 1091 1478 1124 pro
1504 1081 1577 1114 fidei
1595 1080 1781 1114 defensione
1796 1080 1983 1119 direximus,

1243 1134 1290 1166 vel
1308 1140 1435 1167 sanctae
1451 1134 1622 1167 memoriae
1633 1134 1751 1178 Cyrilli,
1771 1144 1852 1177 quae
1868 1133 1985 1166 nostris

1244 1187 1390 1220 sensibus
1412 1194 1474 1220 tota
1500 1188 1685 1227 concordat,
1702 1187 1856 1219 universis
1880 1186 1986 1219 fratri-

1244 1241 1303 1273 bus
1321 1241 1506 1281 innotescat,
1522 1246 1557 1273 ut
1573 1240 1724 1274 certiores
1745 1239 1849 1273 effecti
1875 1244 1985 1273 contra

1245 1304 1311 1333 eos,
1328 1294 1381 1337 qui
1397 1293 1647 1327 incarnatione-m
1659 1293 1783 1326 Domini
1794 1293 1898 1337 pravis
1914 1303 1985 1336 per-

1244 1347 1445 1380 suasionibus
1461 1346 1631 1380 aestimant
1655 1346 1889 1387 temerandam,
1916 1345 1983 1390 spi-

1245 1399 1348 1433 rituali
1364 1410 1395 1432 se
1406 1400 1520 1433 virtute
1538 1399 1776 1443 praemuniant.
1797 1399 1899 1432 Habes
1912 1410 1986 1443 pro-

1244 1453 1381 1486 habilem
1394 1454 1587 1493 facultatem,
1615 1463 1678 1496 qua
1692 1453 1814 1486 eunctis
1837 1452 1985 1486 Ecclesiis
2015 1459 2184 1491 ,mqueanvu-

1243 1512 1274 1540 et
1293 1507 1356 1540 Deo
1381 1512 1492 1539 nostro
1510 1506 1711 1549 episcopatus
1725 1506 1770 1539 tui
1788 1505 1888 1549 possis
1899 1515 1984 1538 com·
1999 1491 2184 1561 ἓξζὲὶζέιῖῗέιὲἒ-
2219 1539 2222 1541 ,

1243 1559 1393 1592 mendare
1417 1559 1603 1603 primordia,
1632 1557 1656 1591 si
1677 1559 1757 1591 haec
1781 1558 1835 1598 ita,
1854 1563 1889 1591 ut
1915 1568 1983 1591 cre·
1999 1566 2058 1588 cidiz.

1243 1612 1347 1646 dimus
1382 1619 1476 1656 atque
1507 1611 1728 1644 nmndavimus
1748 1639 1755 1650 ,
1784 1611 1981 1654 impleveris,

1243 1668 1336 1699 frater
1354 1665 1528 1699 carissime.
1542 1665 1626 1703 Quae
1635 1671 1740 1699 autem
1756 1665 1983 1698 committenda

1244 1718 1355 1751 litteris
1375 1728 1439 1751 non
1460 1718 1600 1758 suerunt,
1627 1728 1699 1750 cum
1723 1717 1982 1761 praedicatorum
2046 1726 2184 1757 Hortatur-qt

1244 1772 1382 1805 filiorum
1393 1776 1574 1805 nostrorum
1590 1771 1802 1804 insinuatione
1820 1770 1981 1811 didiceris,
1997 1753 2183 1802 '³55³fflffiss.¹⁰¹¹⁵

1244 1825 1368 1858 Domini
1393 1826 1492 1858 fretus
1513 1825 1630 1857 auxilio
1657 1824 1846 1865 efficaciter,
1877 1829 1912 1857 ut
1936 1823 1983 1856 di-

1244 1878 1358 1918 ximus,
1374 1889 1410 1911 ac
1428 1877 1630 1911 laudabiliter
1655 1877 1831 1921 exequeris.
1855 1878 1938 1910 Deus
1953 1881 1983 1909 te

1244 1931 1435 1964 incolumem
1462 1930 1633 1971 custodiat,
1660 1932 1757 1964 sratcr
1782 1931 1958 1964 carissime.

1287 1985 1365 2017 Data
1382 1984 1475 2017 nonis
1494 1984 1578 2023 Maii,
1597 1984 1828 2027 gloriosissimo
1847 1983 1983 2017 Valenti-

1244 2039 1339 2072 niano
1364 2040 1444 2081 Aug.
1465 2043 1494 2070 et
1516 2038 1632 2072 Avieno
1658 2038 1691 2072 V.
1716 2038 1747 2072 C.
1772 2048 1876 2071 conss.

1281 2099 1337 2127 Dat.
1355 2100 1371 2127 5
1385 2099 1444 2127 Maii
1465 2108 1508 2127 an.
1526 2100 1587 2128 450.

2042 928 2111 954 {psum
2126 933 2148 949 ro
2164 929 2186 949 at

2001 957 2023 976 ut
2036 960 2088 976 suan
2107 960 2133 976 ac
2164 961 2185 981 y-

2000 982 2041 1002 riui
2053 982 2137 1002 litterae
2147 987 2186 1008 per

2001 1008 2078 1028 Galtias
2108 1013 2185 1034 propa-

2001 1036 2081 1061 gentur.

1281 2198 1294 2224 7
1314 2208 1324 2223 α
1343 2197 1443 2233 ltatisp.
1469 2197 1529 2224 cod.
1553 2201 1578 2224 et
1602 2197 1780 2232 exemplaria
1799 2207 1822 2223 ».
1853 2196 1982 2224 Ballerin.

1245 2244 1296 2270 loc.
1318 2242 1364 2269 cit.
1386 2243 1543 2277 Perperam,
1561 2241 1709 2277 ut-opinor.

1281 2297 1296 2323 8
1317 2296 1354 2322 Ex
1370 2295 1434 2322 edit.
1456 2295 1582 2323 Ballerin.
1610 2296 1681 2330 Opp.
1706 2296 1735 2322 S.
1758 2295 1856 2322 Leonis
1879 2298 1942 2322 tom.
1964 2301 1982 2329 ι,

1246 2340 1295 2367 col.
1312 2341 1392 2368 1000.

1279 2394 1295 2421 9
1315 2394 1432 2421 Cacciar.
1455 2394 1525 2429 Opp.
1543 2395 1572 2421 S.
1596 2394 1697 2421 Leonis
1715 2396 1784 2429 part.
1805 2399 1832 2426 11,
1854 2400 1914 2428 pag.
1933 2392 1985 2419 230

1245 2439 1305 2466 hac.
1323 2438 1390 2465 Sane
1406 2439 1501 2466 mendo
1518 2437 1676 2474 typograph.

1281 2492 1312 2519 10
1336 2493 1402 2519 «Al.
1428 2495 1532 2520 vexata
1556 2495 1636 2520 est».
1666 2490 1795 2518 Balleriu.
1818 2494 1843 2517 et
1863 2490 1982 2518 Caeciar.

1245 2536 1272 2563 ll.
1295 2545 1334 2563 ce.

1281 2591 1308 2617 11
1328 2590 1445 2617 Caeciar.
1467 2599 1528 2617 cum
1543 2590 1578 2618 al.
1595 2589 1666 2618 delet
1684 2588 1841 2618 carissime.
