2244 3183
106 530 180 551 Petrus
196 532 268 550 autem

84 557 166 577 haeret.
187 557 268 577 nefarie

84 583 224 604 desideratur.

891 256 916 278 S.
942 256 1122 281 stMI‘LtCtt's
1143 257 1188 280 1¹1¹.

1707 248 1772 282 0225

285 314 382 347 super
417 303 485 337 eius
524 303 771 337 confirmatione
811 304 1025 345 sententiam⁷
1063 315 1156 338 saeva
1182 306 1387 349 copulatione
1408 306 1418 321 Κ
1447 307 1612 349 grassandi
1640 307 1671 340 in
1700 307 1809 341 Eccle-

285 367 325 390 ne
346 356 425 400 quid
450 363 562 390 contra
588 363 710 390 tantum
734 367 770 390 ac
794 357 855 390 tale
879 357 1025 390 testimo-
1063 358 1142 391 siam
1175 360 1259 403 lupis
1279 361 1450 404 rapacibus
1468 361 1642 404 aperimus.
1666 361 1810 405 Denique

285 410 374 443 nium
400 421 619 455 praepropere
637 411 748 444 fecisse
772 410 943 444 iudicaret:
967 410 1028 444 Sed

285 464 364 497 illud
396 475 447 497 me
476 475 541 498 non
567 464 773 498 mediocriter
806 463 879 497 fecit
911 463 1028 497 attoni-

286 523 364 557 tum,
394 519 481 562 quod
500 509 612 552 iisdem
642 518 756 551 litteris
778 517 843 550 suis
860 518 989 550 Petrum
1005 517 1024 556 ¹,

283 572 338 616 qui
360 572 598 606 haereticorum
617 572 723 605 socius
744 572 866 605 dudum
889 571 1028 605 extitisse

283 626 440 669 probetur
459 632 490 659 et
508 626 669 670 princeps,
691 625 776 669 quod
796 625 1027 658 conscientiam

282 679 465 712 dilectionis
486 685 560 712 tuae
589 679 796 712 meminimus
820 689 885 711 non
914 679 1024 719 latere,

282 733 575 778 instructionesque
589 734 683 778 ipsas,
704 734 821 778 quibus
839 734 935 767 fuerit
953 744 1029 767 con-

282 788 413 829 futatus,
428 799 522 821 nosse
537 789 742 827 confidimus,
757 799 920 832 quemque
931 788 1026 821 etiam

281 841 415 874 dubium
437 852 502 875 non
524 841 564 874 sit
583 842 689 875 adhuc
710 848 797 875 extra
818 841 1024 875 communio-

281 903 355 926 nem
391 894 508 928 durare
541 895 752 935 catholicam,
781 905 942 939 saepeque
969 905 1027 928 nos

282 947 320 980 de
339 947 454 981 eodem
474 959 511 980 ex
528 948 582 981 illa
599 948 679 982 urbe
698 949 848 992 pellendo
862 948 1027 992 scripsisse

280 1000 320 1033 sit
340 1006 463 1034 certum
478 1000 499 1041 9,
524 1002 564 1034 ad
581 1002 745 1045 praefatae
763 1002 923 1035 Ecclesiae
945 1002 1027 1045 regi-

281 1063 354 1086 men
386 1053 544 1087 existimet
574 1054 818 1098 provehendum
832 1055 853 1088 ³.
882 1055 1026 1099 Cumque

278 1107 448 1150 promittat
468 1113 575 1141 rectae
596 1108 671 1141 fidei
690 1107 935 1142 definitionibus
949 1119 1026 1142 eon-

279 1161 408 1202 venire,
442 1172 459 1194 a
491 1161 581 1195 cuius
615 1162 725 1205 utique
751 1162 848 1205 (sicut
879 1163 1027 1207 superius

280 1214 358 1257 dixi)
373 1215 536 1249 consortio
550 1221 615 1248 tam
630 1216 717 1258 degit
730 1221 911 1257 extraneus,
929 1227 1024 1260 quam

279 1268 318 1300 ab
345 1268 413 1302 eius
441 1270 672 1303 communione
705 1270 862 1303 discretus
893 1277 959 1307 est,
986 1271 1026 1303 ad

280 1332 376 1365 quam
405 1322 430 1355 si
456 1333 545 1356 nunc
564 1323 670 1356 redire
689 1324 865 1363 contendit,
888 1323 948 1356 nisi
969 1334 1028 1367 per

278 1374 528 1408 satisfactionem
550 1376 734 1409 christianis
752 1376 871 1419 regulis
896 1387 1027 1420 compe-

280 1434 399 1462 tentem
420 1439 485 1462 non
508 1435 614 1474 potest
634 1430 788 1469 introire,
813 1442 848 1463 ac
869 1431 1026 1475 perinde‘*

278 1492 343 1515 non
368 1483 408 1516 ad
434 1483 593 1525 fastigium
621 1484 830 1517 sacerdotalis
862 1485 1026 1527 dignitatis

278 1535 450 1576 accedere3
470 1537 526 1569 sed
545 1537 700 1578 medelae,
721 1547 803 1580 quae
821 1543 893 1581 post
912 1538 1025 1581 poeni-

280 1588 424 1622 tudinem
449 1590 642 1633 praestanda
658 1590 669 1605 ⁵
698 1596 761 1630 est,
790 1597 1026 1634 consequenter

277 1643 380 1686 aptari
401 1643 528 1677 animae
548 1654 624 1677 suae
645 1644 778 1688 cupiens
798 1644 1025 1678 reconciliatus

277 1696 454 1737 auxilium,
487 1707 553 1730 non
580 1697 715 1740 gradum
744 1697 862 1730 summi
892 1698 1025 1731 lionoris

276 1749 428 1783 affectans
440 1749 461 1790 Β,
479 1750 532 1794 qui
550 1750 605 1783 diu
619 1751 819 1784 convincitur
835 1751 930 1784 fuisse
950 1762 1023 1795 per-

277 1813 405 1843 versus,
433 1814 473 1837 ne
500 1815 558 1847 per
585 1804 726 1848 speciem
758 1805 933 1838 remeantis
958 1815 1023 1838 non

277 1856 456 1890 remedium
484 1857 629 1891 sincerae
653 1859 839 1892 salvationis
863 1859 1019 1902 inquirat,

274 1910 330 1943 sed
368 1910 550 1943 facultatem
588 1912 816 1955 propagandae
857 1912 1022 1955 pravitatis

276 1964 428 1997 inveniat.
460 1965 529 2004 Quo
550 1966 632 1998 facto
657 1976 721 1999 non
751 1966 837 1999 bunc
861 1966 962 2009 magis
983 1967 1022 1999 ab

275 2027 384 2050 errore
401 2018 624 2059 1·etrahimus⁷,
642 2030 737 2062 quain
753 2019 930 2063 perniciem
945 2019 1023 2052 fide-

276 2071 360 2104 libus
385 2071 578 2114 irrogamus,
603 2083 707 2116 eoque
726 2073 823 2105 inodo
845 2073 1022 2106 Chalcedo-

275 2125 383 2158 nensis
414 2126 528 2169 synodi
554 2131 672 2159 statuta
700 2126 874 2167 violantes,
898 2127 1020 2161 aditum

312 2252 320 2277 1
341 2251 412 2277 Zeno
423 2250 539 2286 impulsu
551 2251 641 2278 Aeacii
660 2251 768 2278 Petrum
785 2252 906 2287 Moggutn
921 2252 1021 2280 iamdiu

275 2290 379 2317 haeresi
396 2290 552 2317 damnatum
569 2291 661 2318 Ioanni
673 2291 728 2318 viro
745 2292 935 2327 probatissimo
952 2293 1023 2320 ausit

275 2331 438 2358 substituere
454 2339 485 2358 eo
506 2331 614 2366 quidem
632 2335 782 2367 praetextu,
800 2332 872 2368 quod
897 2333 1022 2368 periurus

275 2375 346 2398 esset
372 2371 504 2403 loannes;
533 2372 631 2407 quippe
657 2372 702 2407 qui
732 2372 848 2399 iurasset
876 2381 1022 2408 numquam

275 2419 427 2446 passurum,
445 2420 473 2438 se
489 2412 516 2438 in
528 2412 655 2438 Alexand.
669 2412 753 2447 episc.
773 2413 889 2439 electum
901 2413 943 2440 iri.
963 2413 1019 2440 Vid.

277 2452 374 2478 Baron.
392 2459 454 2478 ann.
472 2452 534 2486 482,
556 2460 583 2478 n.
603 2454 644 2485 tt,
664 2453 705 2479 12.

309 2495 326 2521 ⁶2
350 2495 463 2523 Litteras
483 2496 616 2531 designat,
642 2497 801 2532 praesertim
827 2504 891 2530 viu,
908 2504 950 2531 χι,
968 2505 1021 2531 xit,

276 2543 354 2570 pagg.
375 2536 438 2570 217,
459 2537 521 2571 ⁴220,
543 2540 569 2564 et
589 2545 645 2572 seq.

1064 412 1102 443 ab
1124 412 1244 445 eisdem
1273 413 1358 457 ipsis,
1384 425 1456 447 cum
1486 415 1605 458 quibus
1623 415 1699 447 olim
1721 426 1739 448 a
1759 426 1811 448 ca-

1066 465 1183 499 tholica
1210 466 1455 510 participatione
1479 468 1598 501 divisus
1616 474 1678 506 est,
1699 469 1810 502 Ponti-

1063 518 1111 551 fex
1136 519 1255 552 dicitur
1272 521 1427 563 postulari
1443 523 1470 554 ¹¹:
1495 528 1529 554 ut
1550 522 1626 555 satis
1647 523 1812 556 evidenter

1063 578 1217 615 appareat
1246 583 1311 606 non
1344 584 1399 607 eos
1434 580 1553 607 rectam
1590 575 1685 608 fidem
1716 576 1807 612 velle,

1063 626 1118 658 sed
1140 625 1171 658 in
1193 627 1342 669 praesule
1358 628 1492 671 proprio
1506 629 1635 661 nefandi
1651 629 1810 670 dogmatis

1063 689 1220 722 quaerere
1249 686 1462 723 potestatem:
1487 692 1592 725 neque
1619 682 1704 714 inter
1725 683 1810 726 ipsos

1064 738 1095 765 et
1126 734 1284 767 veraciter
1312 734 1486 768 sentientes
1518 746 1577 779 pax
1606 736 1680 769 inde
1711 737 1807 779 possit

1064 787 1157 819 foeda
1167 786 1189 804 ¹⁰
1198 788 1358 829 generari,
1373 789 1459 821 unde
1472 788 1706 821 haereticarum
1720 800 1809 822 nien-

1066 839 1142 871 tium
1165 841 1280 873 crescit
1298 842 1423 874 funesta
1448 842 1624 881 damnatio,
1646 849 1677 875 ct
1702 844 1810 876 catho-

1063 892 1199 925 licorum
1236 894 1380 927 succedit
1415 895 1598 928 miseranda
1631 896 1806 939 captivitas.

1062 946 1170 979 Tantis
1190 947 1289 989 igitur
1307 948 1399 980 malis
1413 953 1509 991 atque
1522 949 1675 992 periculis
1689 960 1748 992 pro
1761 960 1811 982 sa-

1063 1000 1199 1033 cerdotii
1231 1001 1397 1044 qualitate,
1430 1007 1462 1035 et
1482 1002 1660 1035 catholicae
1681 1003 1810 1046 praedi-

1062 1053 1197 1087 cationis
1218 1054 1346 1094 intuitu,
1371 1061 1405 1088 ut
1430 1067 1493 1099 qna
1513 1062 1605 1099 potes
1624 1056 1747 1090 ratione
1761 1068 1810 1090 sa-

1062 1107 1189 1151 pienter
1205 1108 1359 1150 obsistas,
1386 1110 1532 1142 maximis
1553 1110 1695 1154 undique
1713 1111 1809 1144 rebus

1062 1161 1267 1204 astringeris:
1291 1172 1351 1195 nee
1364 1162 1529 1196 dilectioni
1552 1169 1624 1196 tuae
1645 1164 1689 1197 fas
1710 1170 1757 1197 est
1778 1165 1808 1197 id

1062 1214 1191 1256 segnius
1222 1215 1369 1258 operari,
1394 1217 1481 1259 quod
1511 1217 1549 1249 ad
1579 1217 1706 1250 animae
1735 1223 1808 1251 tuae

1063 1278 1203 1309 eausam,
1224 1268 1357 1302 lionoris
1382 1270 1680 1314 aestimationisque
1700 1282 1808 1315 respe-

1062 1327 1147 1354 ctum
1174 1332 1239 1354 non
1263 1323 1390 1356 dubitas
1415 1324 1588 1367 pertinere.
1612 1324 1808 1368 Opportuni-

1063 1375 1182 1408 tatibus
1200 1386 1278 1418 ergo
1296 1377 1441 1419 repertis,
1460 1377 1699 1410 clementissimi
1720 1378 1808 1421 prin-

1061 1429 1141 1472 cipis
1172 1429 1369 1463 voluntatem
1403 1430 1637 1464 incessabiliter
1660 1442 1718 1475 pro
1744 1432 1806 1465 fide

1061 1482 1219 1516 catholiea
1243 1484 1473 1527 supplicando,
1503 1490 1533 1517 et.
1557 1485 1595 1517 ab
1621 1485 1670 1518 his
1693 1486 1806 1518 sedulo

1060 1546 1227 1577 revocare,
1242 1548 1324 1580 quae
1338 1538 1451 1570 nociva
1464 1544 1537 1571 sunt
1549 1539 1692 1581 dogmati
1715 1539 1803 1571 cliri-

1059 1589 1175 1629 suano,
1197 1595 1228 1623 et
1248 1591 1426 1623 seeundum
1444 1584 1548 1632 baec,
1571 1603 1654 1635 quae
1671 1593 1806 1625 manda-

1060 1653 1130 1675 mus
1152 1643 1328 1677 informare
1353 1645 1485 1685 erebro,
1515 1646 1611 1689 inque
1635 1657 1703 1679 eam
1726 1658 1802 1690 par-

1061 1701 1134 1734 tem,
1152 1707 1233 1739 quae
1245 1697 1350 1730 amica
1362 1697 1402 1731 sit
1415 1698 1550 1739 veritati,
1564 1700 1673 1743 potius
1686 1700 1805 1733 instare

1059 1760 1122 1783 non
1142 1750 1280 1789 desinas,
1298 1757 1328 1784 et
1342 1751 1360 1767 ¹¹
1376 1758 1424 1795 (nt
1440 1759 1585 1786 sanctum
1601 1753 1804 1787 Timotheum

1059 1804 1260 1837 venerandus
1284 1806 1449 1848 apostolus
1475 1807 1592 1839 Paulus
1618 1806 1754 1840 instituit
1771 1808 1806 1850 ¹²>

1058 1862 1252 1900 opportune,
1276 1858 1473 1902 importune,
1490 1860 1702 1901 obsecrando,
1725 1861 1804 1894 insi-

1058 1911 1208 1951 nuando,
1233 1913 1491 1958 exponendoque
1519 1914 1703 1947 nullatenus
1723 1914 1804 1947 alle-

1058 1974 1133 2005 garc
1166 1965 1324 2005 cessabis,
1365 1972 1395 1999 et
1431 1966 1525 1999 nobis
1554 1967 1691 2000 subinde
1723 1978 1806 2011 quae

1057 2024 1223 2059 gerantur,
1247 2030 1371 2062 quaeve
1391 2021 1531 2060 gerenda
1549 2021 1624 2061 sint,
1649 2021 1806 2053 veraciter

1058 2071 1214 2112 indicare,
1241 2079 1276 2106 ut
1301 2074 1499 2107 creditorum
1522 2075 1646 2107 tibimet
1670 2075 1802 2118 dispen-

1057 2125 1181 2159 satione
1202 2126 1366 2160 dominica
1382 2128 1575 2161 talentorum
1597 2129 1626 2161 in
1648 2128 1708 2161 hac
1723 2129 1804 2161 mul-

1091 2251 1108 2277 5
1125 2260 1135 2275 tt
1149 2251 1319 2277 praebenda
1332 2261 1352 2277 ι).
1366 2251 1490 2279 Nonnull.
1504 2252 1567 2278 edit.
1580 2261 1640 2279 cum
1653 2252 1730 2280 codd·
1742 2254 1800 2280 Vat.

1056 2292 1136 2322 56¹7,
1153 2292 1234 2318 4961.

1091 2331 1107 2357 6
1128 2331 1249 2366 intellige
1264 2333 1399 2366 affectare
1415 2333 1505 2360 debel.

1093 2376 1105 2402 7
1123 2376 1160 2402 ΛΙ.
1183 2376 1372 2403 detrahimus.
1395 2377 1432 2403 Ad
1451 2386 1506 2403 rem
1529 2378 1590 2404 mel.
1609 2385 1634 2404 n.
1654 2379 1744 2406 lectio.

1091 2420 1107 2447 8
1126 2431 1137 2444 (ι
1152 2420 1227 2455 Apud
1245 2419 1339 2448 Baron.
1355 2422 1543 2456 populatione
1556 2433 1582 2449 ν.
1607 2424 1683 2450 (ὶοιιῑ,
1709 2424 1799 2450 Const.

1057 2460 1073 2487 l.
1093 2469 1115 2487 e.
1136 2460 1216 2486 Recte
1237 2460 1357 2495 quidem.

1091 2505 1108 2531 9
1129 2505 1227 2540 Supple
1247 2505 1365 2534 scilicet.

1095 2547 1126 2572 10
1142 2545 1180 2571 lta
1195 2549 1221 2571 et
1237 2549 1289 2571 vet.
1307 2546 1365 2572 cod.
1381 2547 1607 2574 t'ai.49151.cotl.
1626 2553 1715 2575 antem
1732 2549 1801 2575 515t7

310 2580 326 2607 3
347 2580 395 2608 Hic
423 2582 623 2617 perspicuitatis
643 2591 706 2618 ergo
728 2586 854 2618 punctum
875 2582 1024 2618 appingere
1040 2581 1042 2593 '
1058 2595 1118 2613 cum
1139 2585 1254 2612 {turonio
1273 2586 1340 2620 fida.
1364 2587 1472 2622 Optime
1488 2596 1560 2614 sane

275 2621 352 2648 nobis
372 2621 460 2649 visum
482 2626 531 2649 est.

313 2665 328 2690 Α
346 2665 384 2692 ΑΙ.
399 2667 534 2700 proinde.
559 2667 650 2694 Recte.

361 2720 435 2755 App.
453 2720 532 2748 Butt.
552 2721 634 2748 Rom.
648 2736 680 2741 —
706 2722 800 2748 Vol.I.
946 2721 980 2747 ⁶20

1096 2627 1122 2652 11
1148 2625 1203 2652 lluo
1224 2632 1270 2651 nn.
1287 2625 1365 2652 codd.
1382 2628 1460 2654 haec.

1098 2666 1128 2693 1⁶2
1149 2666 1171 2693 lt
1187 2666 1304 2694 'l'imotb.
1327 2673 1362 2698 tv,
1377 2668 1402 2694 2.

1841 258 1890 285 An.
1908 260 1937 287 C.
1959 260 2011 288 482

1866 958 1973 981 Hortatur.
1989 962 2010 979 ut

1825 986 1915 1005 Aeacius
1947 992 2011 1011 tmpe-

1824 1014 1917 1032 rntcwcm
1937 1013 1956 1032 in
1967 1019 2009 1032 nie-

1825 1038 1877 1058 liora

1826 1065 1903 1085 transit,

1920 1040 2009 1059 consilia
